2558 4538
603 320 672 396 lat

138 552 172 602 et
200 550 329 607 sensns,
362 550 435 618 quae
464 529 700 619 experientiam
723 528 852 613 fugiunt
876 521 917 596 ‘v·
948 554 977 596 c.
1007 537 1065 611 42,
1100 542 1132 607 9.

139 652 201 715 Est
221 649 298 732 ergo
321 645 466 711 narratio
486 646 528 710 ab
548 647 679 731 ingenio
707 643 879 711 referentis
894 646 1056 735 prolecta,
1080 649 1132 714 cui

141 763 361 830 nihilominus
393 783 506 825 rerum
540 761 701 828 factarum
735 761 879 844 cognitio
911 761 1032 826 subest.
1078 759 1132 828 Sic

137 881 204 946 hoc
227 854 304 946 loeo
326 891 440 943 eventa
463 877 534 966 ipsa
559 878 747 946 satis,certa
768 872 859 967 sunt,
885 874 1044 944 adventus
1068 864 1135 942 sci·

138 993 224 1061 licet*
239 994 380 1070 fratrum
402 993 536 1060 iteratus
558 1009 591 1061 et
612 993 763 1080 migratio
787 993 886 1060 totius
902 991 1053 1070 coloniae,
1074 992 1134 1059 Jo-

137 1112 251 1198 sepho'
270 1110 438 1176 invitante.
480 1136 485 1142 ·

161 1297 257 1380 §aa
288 1272 291 1279 ¹
313 1296 368 1362 De
389 1289 485 1362 relus
507 1318 528 1362 a
551 1295 690 1401 Josepllo
713 1305 749 1363 tn
771 1294 922 1394 AEgypto
943 1301 1112 1363 institutit.

225 1447 339 1534 Quum
370 1447 506 1536 privatae
531 1419 674 1535 ‘losephi
705 1469 757 1512 res
782 1445 996 1512 traditionum
1019 1446 1135 1514 colore

141 1563 279 1654 expictas
302 1564 338 1627 in
368 1584 478 1639 reram
502 1560 673 1628 historiam
697 1562 816 1626 matari
838 1562 1020 1650 nequeant,
1053 1585 1136 1626 nar·

140 1678 248 1749 randi,
262 1679 359 1745 nohis
379 1692 479 1743 restat
495 1673 629 1766 publica
648 1675 717 1760 ejus
739 1677 815 1756 vita,
843 1699 943 1764 aqua
960 1677 1056 1739 etiam
1075 1676 1136 1741 ad-

143 1811 260 1863 ventus
278 1794 495 1860 Hebraeorum
513 1808 546 1857 et
558 1789 622 1857 lata
638 1793 799 1858 eorumiu
813 1789 960 1881 AEgypto
976 1791 1134 1880 pendent.
1200 1864 1205 1872 ¹

228 1909 352 1992 Insigni
377 1907 534 1992 dignitate
564 1924 719 1984 ornatus,
746 1906 909 1997 Josephus
936 1905 1137 1973 frumentum
1196 1936 1199 1947 ·

143 2029 180 2092 in
209 2024 281 2097 luca
303 2021 435 2116 publica
467 2022 736 2113 cogere‘coepitr
767 2036 877 2089 utrum
905 2022 1025 2089 famem
1047 2044 1145 2115 prae-⁸

142 2140 283 2222 viderit,
313 2165 355 2205 an
385 2138 535 2231 prudens
555 2134 784 2210 calamitatem,
804 2137 897 2207 lamis
920 2164 1139 2208 averruncare

144 2256 305 2334 voluerit,
335 2256 403 2322 dici
425 2256 559 2345 nequit3
583 2255 713 2323 somnio
736 2256 975 2347 Pharaonisiet
1001 2279 1058 2321 sua
1082 2259 1137 2323 in·

147 2374 380 2464 terpretatione
407 2354 461 2438 vix
490 2364 767 2454 commotus*est;
792 2361 906 2438 inedia
937 2397 1017 2441 vcro
1047 2373 1138 2439 haud

144 2486 610 2569 raroP-alaestinaeingruebat.
649 2488 808 2574 Quintam
819 2502 1000 2578 proventus
1011 2505 1140 2578 partem
1218 2530 1222 2537 ·

144 2601 302 2690 poposcit
324 2599 409 2663 Gen.
429 2605 483 2678 41,
505 2604 558 2672 34.
582 2606 635 2680 49,
666 2617 699 2665 et
721 2624 825 2688 quum
841 2602 946 2692 ”primi
968 2602 1046 2664 anui
1070 2600 1142 2683 sor-

147 2713 436 2806 tilitatc·insignes
464 2729 590 2794 essent,
630 2736 744 2798 magua
766 2714 922 2783 frumenti
946 2715 1042 2805 copia
1066 2712 1139 2780 col-

146 2830 229 2921 lecta
254 2845 311 2905 est.
329 2866 333 2874 ·
352 2830 388 2896 S.
409 2825 444 2895 S.
476 2827 565 2895 haud
585 2845 724 2911 narrat,
757 2847 868 2914 utrum
890 2833 960 2919 haec
989 2826 1141 2896 fertilitas
1244 2841 1246 2846 '

147 2944 370 3014 solummodo,
386 2957 506 3036 'sponte
532 2962 657 3012 naturae
686 2945 864 3027 acciderit,
884 2968 1024 3035 ‚anper
1054 2930 1147 3012 vires¹

144 3052 307 3128 ¹humanas
327 3062 439 3147 adjuta
459 3047 512 3129 sit.
561 3059 627 3129 Sed
645 3062 807 3154 quoniam
821 3059 984 3154 Iosephus
1005 3084 1024 3159 e
1044 3079 1154 3146 geute

150 3177 359 3263 agriculturae
382 3179 487 3269 perita
508 3179 669 3245 oriundus
692 3194 780 3258 erat,
802 3195 834 3244 et
855 3174 1029 3246 commoda
1052 3181 1140 3264 agri-

149 3291 286 3360 cultura·
318 3293 403 3360 bene
426 3297 579 3361 institutae
598 3277 831 3378 intelligebat,
864 3279 960 3362 facile
981 3312 1141 3384 potestate
1227 3330 1228 3334 =

148 3434 207 3475 sua
238 3394 313 3477 usus
343 3409 490 3476 creditur
520 3409 561 3476 ad
586 3408 819 3494 agriculturam
841 3391 977 3501 AEgypti
1007 3412 1043 3476 in
1070 3432 1141 3475 me-

127 3523 213 3600 lius
236 3527 435 3591 nmtandam.
502 3529 705 3613 Artapacua
734 3527 769 3592 in
793 3527 928 3595 historia
951 3525 1140 3591 ludaeorum

149 3660 272 3726 narrat,
294 3642 475 3731 losephum
499 3632 716 3728 agriculturae,
730 3643 963 3718 communione
985 3664 1141 3726 agrorum

223 3829 349 3889 nentur,
369 3827 494 3881 ostendit
511 3829 675 3898 exemplum
691 3827 817 3897 vaephi,
838 3830 890 3894 qui
907 3841 953 3880 eas
974 3823 1057 3878 aliter
1076 3826 1140 3878 rad·
1207 3824 1213 3831 '

220 3917 277 3982 dit,
295 3921 419 3980 maxime
432 3929 527 3973 auctas
553 3929 582 3973 et
606 3922 636 3972 ci
656 3929 685 3973 et
703 3920 894 3973 concinnitate
914 3922 1045 3987 privatas.
1071 3935 1097 3970 v.
1118 3935 1141 3970 c.

175 3989 178 3994 ’
222 4007 309 4064 arcu
330 4010 373 4076 11,
392 4006 419 4070 o.
435 4012 462 4071 a.
