2558 4538
499 290 505 307 ·
609 355 677 431 tlt

141 557 212 642 lege
240 575 384 624 sanxerat
415 577 445 624 et
476 549 627 652 tanquam
657 558 824 624 criterium
863 559 930 622 veri
960 544 1022 625 Dei
1063 555 1135 624 cui—

45 736 49 741 .
143 675 222 741 toris
260 678 485 757 constituerat,
530 673 624 742 facile
660 674 863 761 ‚Abrahamo
892 673 992 738 tribui
1030 675 1136 764 potuit

141 788 329 877 consilium,
372 792 461 884 quod
491 765 642 860 demum'.
650 795 759 860 Moses
787 791 931 858 instituto
959 786 1135 857 Abrahami

142 900 289 993 subjecit.

172 1110 265 1193 527.
293 1108 364 1209 29²
385 1113 501 1196 lingua
527 1110 694 1189 Caucasea
717 1133 739 1176 a
764 1112 888 1174 colonis
910 1117 1048 1194 accepta
1075 1118 1107 1172 et

222 1225 399 1302 familiari
418 1248 527 1292 eorum
551 1249 621 1292 curt
649 1228 823 1293 Carauoeir
844 1231 1046 1290 commercio.

231 1371 351 1442 Coloni
374 1375 504 1444 Hebraei
528 1373 636 1461 lingva
657 1374 1010 1457 transsumantur,
1035 1397 1135 1467 quum

53 1507 68 1550 a
142 1493 175 1555 iu
190 1487 391 1558 Palaestinam
412 1510 580 1577 venerunt.
628 1485 794 1580 Quantum
816 1516 894 1562 vero
909 1490 979 1558 haec
994 1515 1013 1556 a
1028 1488 1135 1576 lingva

143 1611 375 1677 Cananaeorum
409 1628 486 1677 tunc
510 1612 667 1703 temporis
688 1586 934 1700 discrepuerit,
961 1631 1030 1674 non
1052 1631 1136 1675 con-

141 1744 210 1792 stat.
274 1727 385 1815 Quum
404 1728 467 1818 ipsi
491 1726 671 1795 Phoenices
694 1750 733 1790 ex
756 1723 877 1791 eisdem
897 1714 966 1791 iere
988 1712 1136 1809 regioni·

141 1843 201 1908 bus
229 1840 311 1909 olim
340 1845 458 1928 egressi
486 1862 612 1924 essent,
654 1844 752 1934 stirps
782 1843 948 1932 utriusque
970 1865 1035 1906 una
1059 1859 1136 1910 eret.

143 1957 208 2024 Sed
227 1984 290 2049 per
311 1958 418 2026 secula
440 1960 529 2052 lapsu
548 1960 748 2041 Phoenices,
790 1959 848 2048 qui
873 1958 1002 2025 Arabiae
1025 1956 1140 2029 littora

142 2095 406 2166 peragraverunt,
435 2074 633 2169 aliquantum
652 2074 745 2142 aliter
766 2074 908 2160 linguam
928 2098 1017 2141 suam
1039 2099 1138 2144 cxco-

141 2188 239 2256 luisse
259 2193 393 2282 putandi
416 2211 508 2279 sunt,
552 2219 649 2288 quam
668 2195 711 2276 ii,
746 2193 861 2285 quiin
883 2194 986 2282 patria
1008 2217 1137 2260 mense-

140 2325 224 2375 raut.
256 2316 303 2392 (v.
334 2313 353 2396 §
382 2318 438 2395 21)
469 2316 593 2380 Auctor
617 2290 801 2394 Geneseos,
840 2326 940 2375 totam
969 2310 1140 2402 utriusque

67 2418 72 2427 “
142 2422 271 2494 dialecti
303 2425 550 2520 discrepantiam
580 2431 645 2514 jam
667 2445 815 2516 tempore
837 2426 1136 2511 Jacobi'exstitisse,
1170 2414 1181 2429 ’

140 2543 246 2610 innuit
269 2543 371 2627 (Gen.
392 2556 454 2628 31,
474 2552 550 2628 47),
590 2561 622 2611 et
642 2542 744 2610 iudaei
766 2544 890 2624 ierunt,
908 2543 1137 2615 ,Abrahamum

139 2663 294 2727 aramaice
326 2644 472 2729 locutum
499 2684 585 2743 esse,
628 2684 731 2753 quum
744 2661 788 2725 'in
807 2657 1011 2737 ,Palaestinam
1034 2662 1137 2728 intra·

82 2791 85 2797 '
139 2781 264 2864 ret.⁶⁹)
313 2777 378 2845 Sed
403 2801 562 2870 nusquam
583 2794 638 2844 aut
659 2778 844 2868 interpretis
865 2794 917 2844 aut
940 2775 1135 2845 difficultatis

77 2874 84 2951 f
112 2886 116 2896 ’
140 2892 298 2986 colloquii
335 2896 421 2961 iuter
452 2897 626 2988 Canunaeos
662 2912 694 2960 et
728 2893 883 2959 Hebraeos
918 2874 1045 2962 mentio
1081 2894 1135 2976 fit3

139 3035 240 3101 quare
261 3012 476 3102 discrepantia
500 3009 715 3079 dialectorum
736 3010 824 3077 haud
844 3013 948 3096 major
965 3009 1064 3075 inisse
1085 3012 1136 3078 vi-

139 3127 255 3208 detur,
282 3149 379 3215 quam
401 3145 437 3195 ut
456 3125 543 3194 sacili
563 3129 695 3213 negotio
715 3152 750 3192 se
773 3145 885 3194 mutuo
903 3124 1136 3211 intelligerent.

101 3266 114 3279 ·
138 3243 192 3308 Eo
221 3238 349 3307 facilior
381 3265 513 3334 quoque
533 3244 720 3311 adventitiis·
733 3243 793 3310 fuit
814 3245 963 3310 transitus
985 3242 1027 3310 ad
1050 3240 1136 3329 liug-

139 3381 222 3425 vam*
241 3359 491 3443 indigenarum,
527 3385 591 3452 qua
614 3360 759 3453 posthaec
779 3363 827 3427 usi
849 3378 954 3441 sunt,
984 3379 1015 3427 et
1039 3384 1137 3452 quam

140 3476 203 3568 ipsi
225 3500 242 3541 a
266 3476 431 3545 Cananaeis
447 3493 491 3546 'se
512 3480 672 3568 accepisse
695 3476 845 3545 latentur.
891 3478 955 3543 Jes.
978 3492 1038 3559 19,
1063 3493 1118 3553 18.

222 3591 513 3680 *Quemadmodum
534 3616 616 3662 -vero
640 3595 847 3661 commutatio
869 3591 986 3678 lingvae
1007 3595 1135 3685 probat,

136 3705 328 3774 familiarem
349 3731 423 3774 cum
439 3710 603 3776 Cananaeis
627 3708 892 3778 cousuetudinem
910 3710 1059 3779 Hebroeis
1083 3714 1138 3776 in·

139 3827 341 3902 tercessisse,
360 3827 408 3891 sic
428 3845 569 3915 quoque·
583 3820 663 3906 alia,
688 3849 764 3916 quae
783 3821 976 3909 traduntur,
1001 3827 1137 3895 eandem

134 3979 402 3994 U*

138 4071 182 4135 ω)
209 4088 235 4123 v.
255 4072 387 4124 cerintus
406 4071 497 4142 ueta.
525 4075 569 4129 cet
588 4071 661 4141 tete.
681 4073 756 4142 ert·
775 4082 858 4143 r·1⁵·
