2558 4538
839 218 846 250 l

680 278 736 352 9,

22 513 24 517 ·
103 537 104 541 ,
212 502 287 557 sunt
306 509 383 577 pro
409 487 554 572 'ingenio
586 507 719 565 eorum,
757 486 843 550 inter
875 483 960 573 quoa‘
994 499 1110 549 eventu
1134 507 1211 550 ore

93 600 96 610 ³
153 674 156 679 ,
214 602 331 672 tradite
371 601 699 670 circumferebantur.
779 601 894 690 Quum
928 601 1040 690 itaque
1063 580 1214 682 'judaica

213 740 292 803 gens
315 721 441 804 egregia
470 720 505 784 in
526 695 633 784 Deum
658 717 778 783 fiducia
809 717 932 808 etpia
953 739 1067 783 rerum
1098 716 1212 782 consi·

147 835 171 878 '¹
213 834 384 904 deratione
411 833 602 916 excelleret,
633 833 748 900 eedem
767 849 845 900 nota
863 832 1010 900 historie
1028 829 1213 898 Abrahatui

214 957 373 1043 impressa
398 964 457 1017 est.
502 953 571 1018 Nec
594 969 702 1018 tumen
724 950 775 1029 sic,
786 948 868 1016 fides
879 946 1098 1041 reletionilms
1111 945 1211 1013 dece·

215 1067 285 1148 dit,
317 1067 451 1160 partim,
484 1067 576 1157 quod
606 1083 719 1136 eventa
743 1065 857 1133 eedem
882 1077 1017 1130 manent
1038 1064 1074 1129 in
1097 1059 1213 1130 colore

214 1184 460 1274 reimpartiri
492 1204 571 1249 vero
597 1180 842 1272 quodindoles
872 1182 942 1247 herc
971 1180 1042 1271 ipsa
1061 1178 1211 1248 historici

125 1294 130 1303 ’
216 1299 375 1369 momenti
404 1314 471 1391 est,
501 1296 685 1387 siquidem,
716 1299 854 1389 historin¹
875 1297 973 1390 plane
995 1306 1209 1388 repugnante,

217 1415 281 1482 lata
314 1414 377 1481 viri
408 1413 558 1492 historici
590 1437 659 1481 non
688 1415 881 1505 pinguntur.
924 1411 1076 1503 Quando,
1102 1413 1210 1502 itaque

217 1506 331 1599 omnes
355 1533 491 1600 omnino
522 1527 715 1599 traditiones
744 1555 763 1598 e
787 1531 962 1599 virtutibus
985 1525 1210 1620 spiritualibus

192 1627 348 1718 ¹leudem
374 1648 562 1732 Abrahsmo
592 1647 787 1728 conserunt,
819 1645 974 1732 colligere
1004 1642 1103 1725 licet,
1139 1664 1211 1709 cana

218 1762 314 1833 talem
336 1764 386 1831 sui
407 1742 602 1832 memoriam
621 1761 802 1854 reliquisse,
824 1763 912 1828 utis
933 1737 1124 1852 presertim
1139 1757 1212 1843 dig·

217 1905 279 1947 nus
302 1881 388 1948 visus
412 1882 471 1962 sit,
503 1881 556 1947 cui
585 1904 622 1946 ea
653 1878 722 1945 lans
747 1879 959 1945 tribueretur.
1002 1868 1214 1943 Conveniunt

219 1997 306 2061 enirn
325 1993 510 2061 Orientales
534 2019 648 2061 omnes
671 1999 707 2061 in
730 1991 886 2086 sapientia
910 2011 942 2060 et
964 1994 1086 2084 pietate
1103 1990 1212 2061 Abra·

218 2111 308 2176 hami
329 2108 546 2193 celebranda,
569 2111 693 2177 Graecis
717 2111 806 2178 idem
831 2111 1020 2202 aptissimus
1044 2109 1135 2176 visua
1157 2123 1213 2185 est,

219 2228 272 2292 cui
292 2243 347 2292 aut
363 2226 510 2293 inventio
531 2227 652 2293 artium
672 2204 917 2316 chaldaicorum
938 2244 993 2293 aut
1017 2224 1215 2325 propagatio

87 2375 90 2378 ¹
162 2418 164 2421 ¹
220 2365 333 2430 earum
348 2343 383 2406 iu
399 2342 579 2433 AEgyptum
599 2342 810 2409 tribueretur,
854 2344 976 2412 Vivum
997 2364 1105 2433 porro
1128 2341 1216 2423 ejus·

220 2459 295 2526 dem
312 2456 491 2525 Abrahsmi
512 2459 633 2544 ingenii
654 2443 903 2525 monumentum
925 2475 976 2526 est
998 2455 1221 2551 indolespffi
1257 2530 1262 2543 ,

219 2592 404 2653 sterorum,
436 2573 477 2638 ab
506 2598 567 2641 avo
599 2556 719 2666 utpote
737 2591 880 2666 accepta.
957 2556 959 2561 ³
1205 2646 1215 2653 .

269 2683 271 2687 ¹
307 2689 374 2763 Sed
393 2690 449 2782 pia
473 2668 565 2756 mens
585 2707 723 2781 pectore
753 2685 878 2758 inclusa
892 2688 1017 2758 oculos
1040 2687 1218 2756 homiuum

220 2808 319 2894 fugit,
348 2802 495 2897 ideoque
524 2805 597 2872 fieri
618 2805 764 2897 nequiit,
800 2823 835 2873 ut
864 2807 906 2873 de
930 2807 1021 2886 viro,
1054 2804 1115 2894 qui
1145 2804 1218 2870 vite

144 2946 146 2951 ·
220 2939 334 2992 uotam
364 2923 406 3002 ab
437 2921 552 2989 eadem
581 2906 726 3014 repetat,
765 2919 867 2989 multa
901 2923 989 2987 inter
1020 2920 1221 3010 peregrinos

222 3032 532 3116 circumferrentur,
573 3055 607 3104 et
635 3060 737 3130 quum
764 3062 826 3130 pro
858 3038 997 3124 instituti
1030 3036 1141 3101 nostri
1164 3059 1239 3131 ref

225 3155 313 3243 tione
340 3153 480 3220 maxime
507 3177 562 3236 ea,
594 3179 667 3245 quae
687 3155 871 3245 peregrinis
899 3151 1117 3218 relationibus
1140 3149 1222 3217 illu·

222 3268 320 3333 strari
333 3269 481 3358 possint,
503 3269 755 3361 perstringenda
773 3270 848 3351 sint,
871 3269 1028 3359 pauciora
1044 3266 1089 3333 de
1107 3263 1222 3334 Abru-

223 3385 329 3451 hemo
343 3383 464 3453 acturis
484 3384 580 3451 nobis
601 3400 722 3478 praesto
746 3407 815 3450 csse
836 3383 1000 3451 videntur.
1046 3382 1223 3474 Quoniam

223 3523 302 3593 vero
317 3493 533 3567 nihilominus
548 3500 755 3579 Abrahamus
775 3517 807 3566 et
817 3499 916 3565 rebus
939 3497 1149 3589 quibusdam.
1165 3524 1224 3585 ge·

223 3617 281 3702 atis
300 3613 456 3682 inclaruit
475 3631 509 3681 et
527 3615 646 3708 saepius
664 3615 861 3684 documenta
882 3614 1014 3705 pietatis
1035 3612 1127 3681 sacto
1149 3614 1237 3705 edi--

223 3731 283 3813 dit,
307 3732 379 3799 liaec
399 3722 508 3800 tamen
532 3747 565 3796 et
586 3728 710 3798 diserto
732 3733 877 3800 historiae
898 3729 1085 3796 testimonio
1107 3746 1144 3797 et
1161 3753 1225 3821 per

223 3846 434 3917 collationem
455 3868 590 3926 eorum,
623 3869 696 3940 quse
718 3872 756 3913 ex
780 3863 816 3914 ea
839 3863 1007 3927 constant,
1030 3841 1225 3913 collustrari

222 3979 371 4052 possunt.
