2558 4538
616 256 714 411 ute?
741 237 746 244 ’

69 488 73 495 ’
159 506 285 582 potest,
314 489 416 591 sexies
438 484 615 575 minuitur,
638 503 669 550 et
691 487 736 552 sio
750 505 820 575 ⁴pro
844 481 950 551 nihilo
972 487 1161 553 aestimanda

160 623 239 671 esu·
282 602 410 692 Quum.
426 624 518 690 vcro¹
538 602 760 697 generationes
781 617 857 666 tam
885 600 986 668 breve
1020 603 1163 693 spatium

163 719 265 788 fuisse.
278 719 518 815 demonstrent,
561 740 631 785 non
654 712 840 783 mirandum
858 734 924 800 est,
955 717 1166 804 chronogra«

77 848 81 852 “
162 837 266 930 phum
285 814 332 902 in
361 837 503 922 1chg.
530 845 569 920 6,
597 850 832 924 magnopere
852 831 1047 924 impeditum
1064 832 1164 901 inisse

91 996 95 1002 ·
162 954 272 1019 nimiis
294 953 457 1035 numeris,
481 975 564 1042 quos
587 938 835 1032 libanudicum
858 947 1043 1033 exhiberet,
1068 973 1164 1017 eum-

135 1120 138 1126 .
165 1093 229 1160 quc
252 1066 393 1161 aliquam
411 1066 639 1149 concordiam,
662 1061 828 1137 nonnullis
851 1089 891 1131 ex
908 1067 1043 1154 arbitrio
1057 1065 1166 1134 omis-

132 1191 142 1206 ’
164 1187 226 1269 sis,
254 1185 359 1252 [acme
378 1203 530 1252 conatum
548 1207 628 1253 esse.
683 1183 797 1248 Annos
811 1198 920 1270 autem
935 1184 1091 1275 'ipsorum
1109 1185 1165 1268 jn·

100 1345 103 1350 -
165 1301 274 1368 dicum
293 1302 491 1367 contraheret
503 1325 572 1384 non
594 1324 704 1382 ansus,
724 1299 859 1365 nimiam
879 1288 985 1366 tamen
1006 1321 1167 1366 summam

167 1416 284 1484 effecit.
312 1412 491 1503 Quomodo
516 1439 598 1501 uero¹
624 1415 713 1483 idem
741 1413 827 1481 liber
847 1439 922 1482 cum
936 1431 1050 1481 nostra
1071 1437 1166 1482 com-

170 1534 338 1625 putatione
357 1531 527 1602 conciliari
549 1551 662 1626 queat,
695 1555 763 1599 non
783 1510 858 1598 lieie
879 1532 1077 1624 quaerimns3
1119 1554 1169 1614 ea,

170 1673 241 1740 quae
264 1651 587 1742 supratmonuimus,
626 1651 661 1715 in
677 1646 870 1716 universum
892 1649 1051 1715 rationem
1076 1645 1169 1712 indi-

170 1783 255 1834 cant.
313 1767 394 1834 Heio
416 1766 567 1850 nummis-
581 1766 712 1833 incertis
734 1765 946 1856 opposuimus
968 1780 1171 1831 constantem

170 1895 293 1947 nuturoe
313 1858 496 1964 ordinem*
523 1878 675 1949 relationi
698 1880 739 1949 de
759 1882 853 1959 anuis
876 1881 1089 1973 opposuimus
1111 1902 1171 1945 re·

170 1994 306 2064 lationes
329 1997 372 2065 de
393 1991 675 2085 genesationibus,
717 2015 749 2064 et
772 1999 839 2064 utri
860 1999 962 2082 magis
985 1996 1089 2062 fidere
1108 1994 1171 2062 de-

169 2112 319 2192 beamus,
343 2111 485 2177 dubitari
507 2115 630 2204 nequit.
676 2100 805 2201 Quodsi
828 2095 943 2206 templi
963 2108 1172 2179 fundamenta

171 2251 191 2292 a
222 2221 397 2296 salomone
429 2250 514 2295 anno
544 2222 745 2307 101211100.
776 2231 858 2314 jacta
889 2235 1024 2311 suntfl)
1067 2229 1172 2299 exitus

72 2428 78 2433 .
172 2327 243 2435 sere
260 2365 346 2432 nuno
366 2352 450 2418 1352
473 2342 608 2436 accidit,
631 2342 668 2439 id
688 2343 779 2434 quod
802 2369 842 2411 ex
857 2343 1024 2412 annalibus
1040 2345 1172 2436 AEgyp·

106 2525 109 2531 ,
170 2457 265 2526 tineis
287 2459 365 2525 item
385 2456 559 2527 effecimus.
605 2460 641 2528 Si
659 2476 765 2526 autem
788 2484 874 2527 anno
898 2473 981 2537 1027
1000 2463 1083 2546 jacta
1105 2485 1173 2554 pu-

112 2564 137 2627 }
175 2582 298 2657 tantur,
312 2580 344 2658 ⁸)
387 2573 581 2672 decennium
614 2577 651 2641 in
687 2575 749 2642 hac
768 2577 1020 2674 ‚computatione
1055 2598 1174 2662 urgere

90 2743 92 2747 ,
173 2686 347 2772 nolumus,
370 2691 486 2782 ‚esitus
508 2691 605 2758 etiam
628 2693 674 2758 sic
697 2693 732 2756 in
753 2690 862 2759 medio
885 2690 997 2760 seculo
1019 2700 1062 2768 14
1085 2693 1173 2757 acei-

64 2789 67 2809 ¹
174 2801 233 2872 dit.
288 2807 335 2872 Ut
351 2808 432 2874 'vero
452 2806 510 2873 hic
530 2793 704 2875 consensus
728 2809 813 2875 inter
836 2804 1008 2876 relationes
1031 2806 1174 2875 duorum

175 2917 376 3013 populorum
397 2922 562 2990 mirandus
586 2941 643 3004 est,
662 2925 710 2990 sic
730 2926 947 2995 certissimum
968 2910 1094 3019 piaebet
1116 2947 1175 2992 ue·

176 3035 279 3102 nitatis
308 3035 446 3105 iuventte
470 3038 709 3108 documentum.
770 3030 774 3041 ’
898 3046 903 3053 “

183 3192 451 3214 *-

173 3348 183 3359 .
198 3305 225 3366 ⁷)
251 3267 299 3357 Sic
316 3266 453 3376 Petusius
470 3304 668 3371 Rationes-ium
686 3321 845 3380 tcusporutu
863 3330 888 3382 p.
914 3317 957 3373 53·
981 3329 987 3336 ·
1039 3384 1045 3391 .

198 3395 227 3459 ⁸)
247 3395 326 3457 Ratk
346 3395 372 3454 b,
390 3408 439 3466 (tss.
459 3397 495 3457 3.
515 3408 543 3468 ι’).
563 3405 608 3474 94.
630 3422 643 3469 ·,
713 3447 729 3472 .,
