2558 4538
591 230 664 306 tle

128 427 217 503 'uxor
239 437 345 502 lsaaco
368 461 385 502 e
410 437 573 504 Gananteis
597 437 787 518 duceretur,
820 442 893 519 (24,
924 443 960 520 Q)
978 446 1132 527 apparet,

138 553 563 623 aliotHebraeosCananaeas
586 553 705 618 ducere
725 551 843 638 solere,
865 551 902 619 id
923 551 1016 642 quod
1037 553 1134 619 etiam

139 667 287 761 exemplo
310 673 407 740 Esavi
429 689 468 747 ,et
492 669 582 737 tudae
607 683 739 739 constat.
828 718 836 731 ·
873 704 877 713 ·

126 860 129 867 ν
230 786 436 879 Quamquam
456 789 563 878 itaque
585 785 695 854 multis
718 788 754 852 in
774 786 876 853 rebue
890 786 990 870 magis
1014 786 1135 870 magis·
1194 796 1199 801 '

141 927 204 993 que
227 903 267 970 ad
285 908 458 973 Cananaeos
481 903 690 987 accedebant,
734 921 841 971 tamen
860 921 891 969 et
909 926 969 994 per
992 900 1133 986 religio·

140 1043 216 1084 nem
239 1039 271 1086 ct
301 1045 361 1112 per
392 1047 461 1087 eam
490 1028 564 1087 cum
593 1021 696 1113 patria
721 1017 834 1086 relicta
862 1020 1134 1102 conjunctionem,

72 1120 77 1133 ¹
142 1159 239 1225 quam
258 1116 359 1226 usque
380 1136 549 1220 fovebant,
575 1134 855 1229 impeditumuein
877 1144 919 1200 ne
942 1131 1041 1227 plene
1054 1135 1135 1203 ‘cum

142 1253 305 1321 Cananaeis
327 1250 553 1322 coalescerent.

208 1454 229 1537 5
252 1457 304 1518 28.
349 1455 403 1520 De
426 1446 587 1542 religione
610 1452 794 1535 Abrudumi
815 1460 850 1515 et
871 1453 1068 1542 colonorum.

231 1600 402 1688 Religionc
424 1601 548 1670 scilicet
570 1628 587 1668 a
609 1603 772 1668 Cananaeis
791 1599 1004 1680 differebant,
1036 1624 1138 1666 unum

142 1720 247 1785 Deum
269 1744 382 1787 verum
405 1708 528 1812 quippe
552 1717 705 1785 colentes.
759 1719 813 1785 Sic
835 1716 932 1785 tradit
955 1716 1137 1807 Scriptura.

144 1835 294 1902 Attamen
315 1860 386 1929 quae
411 1835 451 1902 de
468 1830 587 1903 ¹indole
612 1834 820 1901 traditionum
844 1831 1083 1901 deAhrahamo
1106 1851 1138 1901 et

144 1948 184 2014 de
211 1976 303 2018 more
333 1951 402 2019 aliie
434 1976 523 2046 auam
553 1948 747 2034 religionem
769 1947 934 2015 tribuendi
956 1949 1138 2041 disputavi-

145 2086 233 2145 tnua,
271 2071 304 2152 (5
333 2081 374 2141 22
405 2084 436 2132 et
466 2074 521 2149 25)
550 2064 615 2131 hoc
644 2067 824 2156 praesertim
850 2066 983 2132 nomine
1015 2090 1138 2133 sacram

147 2182 340 2271 scripturam
361 2181 426 2250 fide
449 2185 579 2274 privare
594 2182 697 2250 videri
711 2199 857 2274 possunt.
906 2183 1035 2249 Dixerit
1052 2186 1140 2250 enim

147 2294 272 2384 aliquis,
294 2300 431 2381 ludaeos,
448 2325 485 2365 ex
501 2324 567 2390 quo
585 2299 859 2368 monotlreismum
875 2295 1012 2389 amplexi
1022 2318 1140 2381 essent,

148 2409 334 2485 Abralrumo
361 2414 555 2483 deteriorem
588 2415 689 2482 fidem
722 2414 866 2483 tribuere
887 2412 1041 2482 noluisse.
1067 2440 1142 2482 mo·

147 2527 364 2624 notlreismum
394 2556 473 2599 vero
504 2558 521 2596 a
553 2533 646 2610 Mose
671 2522 868 2623 proficisci‚'
902 2531 957 2620 qui
990 2535 1141 2622 puriores

146 2647 296 2713 notiones
320 2674 337 2714 a
357 2649 575 2719 sacerdotibus
597 2649 795 2739 AEgyptiacis
819 2640 961 2738 acceptas
983 2670 1058 2741 cum
1079 2665 1142 2738 pu-

147 2759 226 2851 pulo
257 2781 407 2856 tanquam
429 2765 563 2833 cohorte
586 2764 787 2830 sacerdotum
808 2765 883 2846 (Ex.
906 2778 963 2844 19,
991 2771 1027 2848 6)
1048 2787 1141 2831 com-

148 2856 350 2948 municasset.
382 2907 502 2949 nomen
522 2881 602 2959 Dei,
637 2880 741 2970 xquod
762 2879 964 2960 adhibuerit,
1011 2897 1064 2947 aut
1088 2883 1142 2946 in·

148 2999 412 3083 terpretationem
439 3002 506 3083 ejus
542 2999 702 3080 originem
731 2997 953 3088 AEgyptiacam
989 2996 1143 3086 prodere.

151 3110 240 3198 qnod
265 3117 413 3201 protinus
435 3115 510 3196 (Ex.
532 3121 588 3196 39)
611 3131 641 3179 et
666 3116 818 3180 continuo
841 3113 880 3177 ad
901 3110 988 3179 idola
1007 3100 1144 3180 colenda

148 3223 312 3309 redirent,
355 3230 513 3320 probare,
558 3227 682 3298 cultum
711 3231 805 3298 unius
827 3231 887 3294 Dei
909 3225 1043 3295 “novum
1076 3254 1147 3297 esse

148 3356 180 3405 et
204 3364 271 3408 non
293 3363 363 3411 ante
385 3347 511 3413 Mosem
534 3346 658 3413 radices
682 3347 766 3411 inter
787 3370 842 3412 cos
865 3347 1040 3429 egisse-⁷²)
1101 3353 1145 3415 At

142 3456 337 3557 quanquam.
353 3460 423 3529 haec
445 3465 519 3528 satis
542 3463 624 3529 bene
644 3480 836 3540 monentur,
869 3486 936 3528 non
962 3480 1068 3528 tamen
1092 3461 1145 3530 ul·

149 3589 198 3639 tra
229 3576 485 3667 probabilitatem
511 3578 701 3661 ascendunt3
747 3603 807 3671 nec
830 3579 1054 3670 interpretatio
1079 3603 1144 3647 uo·

56 3758 58 3762 ,
151 3741 419 3767 ...η-ιιι...-

151 3844 194 3906 ⁷²)
221 3851 383 3903 Hartmann
401 3849 579 3924 &ueternum
601 3847 664 3908 libet
681 3851 724 3908 tte
741 3850 808 3911 tritt
811 3864 861 3921 unu
881 3865 914 3907 u
936 3852 979 3910 bct
998 3846 1065 3921 tim
1081 3849 1145 3973 §Bu-

217 3940 267 4005 mer
284 3938 375 4004 ffltofit
395 3961 422 4011 p.
441 3949 506 4004 140
507 3950 551 4005 41.
