2558 4538
511 242 690 352 'nn
845 390 856 400 ⁶

159 491 208 554 sio
234 466 313 559 22⁶⁸*¹
333 502 382 552 est
402 484 617 557 commoratio
640 485 675 548 in
695 483 827 550 deserto
850 482 914 551 Sin
930 479 1141 566 (ste-Bar·

158 609 253 685 nes),
286 611 481 691 caeteraeque-
498 597 541 665 ad
565 598 740 666 circuitum
758 600 920 671 montium
943 599 1143 667 referuntur.

159 718 213 786 Sic
243 743 322 787 vero
353 716 482 785 excluse
504 723 559 782 'est
584 715 753 807 oberratis
771 741 833 809 per
852 727 896 792 38
916 738 1036 782 annos:
1065 739 1143 783 nam

157 853 213 902 aut
244 833 366 902 accidit
394 850 468 900 ante
490 832 589 900 ¹hunc
617 832 866 908 adrentumad⁸
884 832 1049 920 desertum
1071 830 1143 910 Sin,

157 969 215 1019 aut
238 969 317 1044 post
344 950 522 1017 discessum
542 930 731 1019 alr⁸eodem=
757 951 962 1018 mansionum
984 973 1064 1018 vero
1086 974 1143 1016 ra·

160 1073 205 1139 tio
227 1094 264 1136 ea
284 1085 350 1146 est,
383 1076 429 1134 ut'
445 1091 600 1156 numerus
622 1093 734 1137 earum
757 1085 888 1157 stante
905 1066 1082 1136 adrentum
1099 1066 1143 1135 ad
1158 1100 1171 1109 ··

157 1187 322 1254 desertam
343 1183 428 1252 illud
445 1203 477 1252 et
499 1186 535 1252 in
558 1186 698 1253 circuitu
723 1191 884 1284 montium
904 1177 1056 1279 accurate
1083 1185 1143 1252 viae

102 1334 104 1338 ·
156 1305 346 1383 conveniat,
378 1327 455 1369 nam
482 1304 637 1369 circuitus
668 1301 726 1369 ille
753 1300 858 1395 duplo
878 1303 987 1372 minor
1009 1320 1057 1371 est
1085 1302 1145 1370 iti·

157 1445 237 1486 nere
261 1444 279 1483 a
302 1436 413 1485 monte
436 1415 528 1483 Sinai
546 1415 588 1481 ad
608 1419 715 1484 Paron
737 1418 915 1512 desertum.
959 1417 996 1486 Si
1007 1394 1144 1494 veros&
1179 1475 1181 1483 ,

157 1561 262 1604 annos
283 1536 319 1600 in
340 1515 643 1609 alterutra'itiueris
664 1552 760 1626 parte
780 1536 928 1620 egissent,
949 1533 1143 1626 multoplu÷

157 1678 212 1720 res
244 1652 428 1718 mansiones
465 1665 641 1743 numeratas
674 1648 822 1718 luissent.
876 1652 988 1718 Restat
1023 1668 1143 1728 tamen,
1178 1674 1197 1695 ·1

158 1768 251 1860 quod
268 1747 316 1835 rin*
332 1793 398 1843 uno
415 1765 505 1835 'loco
533 1766 644 1832 forsan
673 1766 730 1834 diu
755 1769 872 1857 moreti
895 1783 1020 1849 essent5
1053 1783 1087 1834 et
1106 1755 1144 1833 re

159 1910 236 1952 vera
267 1884 361 1971 Kade
400 1882 604 1974 aliquamdiu
633 1880 812 1952 substitisse
843 1868 999 1952 dicuutur
1031 1883 1144 1966 (Dent.

158 2018 190 2081 12
210 2007 288 2086 46);
312 2003 371 2070 sed
383 2000 514 2086 longam
535 1989 660 2068 inuno
681 1998 756 2069 loco
780 2014 997 2091 moramnon
1019 2002 1144 2097 patitur

140 2138 274 2206 ,natura
299 2119 438 2200 deserti,
458 2143 521 2186 nec
541 2116 584 2184 ad
605 2141 741 2186 moram>
756 2137 883 2211 tempus
903 2118 990 2187 illud
1009 2119 1150 2206 longum

158 2224 321 2311 refertur,
344 2221 411 2302 sed
439 2235 482 2301 ad
511 2235 755 2316 oberrationem
787 2234 878 2306 mare
910 2261 1042 2318 versus3
1075 2259 1143 2326 quo

131 2348 233 2424 'cum
259 2353 376 2419 referri
399 2337 574 2442 nequeats
604 2334 760 2421 historica
785 2356 866 2422 fides
892 2355 989 2440 hujus
1014 2353 1144 2420 numeri

159 2466 363 2556 desperanda
386 2485 444 2532 est.
493 2467 569 2532 Nou
596 2487 702 2534 eutem
725 2471 817 2554 origo
842 2469 1143 2545 traditionislatets

157 2607 236 2649 nam
254 2605 373 2672 quum,
397 2572 487 2647 Sinai
508 2600 619 2649 monte
639 2582 766 2662 relicto,
790 2558 857 2650 laeii
873 2584 921 2660 ad
945 2585 1026 2651 fines
1043 2600 1156 2650 terrae‘
1244 2646 1246 2651 ,

160 2715 320 2790 exoptatos
343 2698 552 2778 accederent,
585 2697 711 2786 cladem
741 2717 774 2767 et
801 2700 967 2792 repulsam
989 2701 1030 2793 ab
1053 2699 1145 2766 Edo-

159 2818 245 2882 mitis
267 2817 371 2908 passi,
395 2815 436 2880 ab
461 2816 588 2882 oriente
603 2817 644 2881 in
666 2816 869 2884 Palaestinam
892 2815 1144 2903 ingrediendum
1244 2839 1254 2880 .·

119 2972 122 2980 ,
158 2943 247 3014 crat3
269 2934 510 3012 montecucco,
530 2933 602 2999 Scir
626 2931 716 3020 dicti,
746 2927 916 3002 transitum
935 2934 1144 3014 recusabant3

160 3073 243 3140 quos
267 3067 302 3115 ut
325 3052 507 3129 ambirent,
546 3049 717 3116 meridiem
741 3068 773 3118 et
793 3056 888 3132 mare„
906 3034 1044 3119 rubrum
1066 3062 1143 3120 ver·

158 3190 212 3232 sus
238 3166 514 3256 proficiscendum
536 3184 624 3233 erate
657 3191 783 3236 moram
804 3155 911 3237 autem
937 3189 970 3238 et
993 3170 1142 3254 ambages

158 3283 366 3374 impatienter
397 3267 550 3350 ferebant
576 3302 608 3350 et
636 3285 782 3375 pericula
816 3274 936 3354 deserti
968 3289 1142 3354 timebant:

138 3397 268 3489 itaque
297 3423 366 3466 non
386 3401 531 3494 mirum,
560 3402 588 3467 si
608 3402 658 3467 hae
682 3376 834 3489 ambages
852 3379 1048 3488 longissimos
1068 3405 1143 3468 visae

108 3522 111 3535 “
151 3516 359 3607 nomineque
381 3503 557 3599 longorum
580 3542 742 3612 annorum
763 3536 881 3586 notetae
902 3535 987 3585 sunt.
1008 3553 1052 3568 -
1071 3518 1145 3595 Nus

159 3610 271 3729 mero,
293 3634 353 3723 qui
373 3632 532 3712 traditur,
554 3629 689 3714 relicto,
712 3653 865 3716 nonest,
886 3616 974 3702 unde
994 3658 1088 3705 mors
1108 3637 1143 3702 in

227 3927 324 3968 soram
341 3897 426 3967 solito
439 3910 589 3986 congruit,
615 3935 668 3974 nec
684 3930 762 3975 totus
783 3932 913 3974 recensus
932 3925 995 3975 cnm
1016 3919 1141 3992 ambagi-

229 4005 283 4060 bus
303 4023 353 4074 per
371 4022 457 4063 anuos
476 4013 667 4078 desusceptis
685 4016 835 4080 conspirat.
881 4007 889 4016 ”
