2558 4538
620 295 705 389 ιιι,

157 500 241 566 tium
274 498 417 563 historiae
450 493 650 589 AEgyptiacae
683 517 716 565 et
742 500 904 592 polemica
941 507 1041 588 ratio,
1075 531 1146 599 queo

156 615 329 712 traditioni
362 613 493 707 subesse
522 617 669 682 cernitur
696 620 767 697 ⁴⁴),
804 634 931 700 vetant,
971 626 1145 712 quominus

143 706 265 829 :aliud
262 729 354 799 inde
386 702 581 814 colligatur,
614 755 714 822 quam
743 726 970 822 Abrahamdm
999 741 1146 830 primum
1189 786 1193 793 -
1242 780 1245 792 =

152 874 241 930 esse,
270 849 329 938 qui
353 864 430 936 post
453 847 581 913 initium
603 850 753 916 certioris
776 850 920 919 historiae
942 877 982 919 ex
1001 853 1146 944 Babylo·

142 942 206 1032 ¹nia
237 966 272 1029 in
302 965 481 1061 AEgyptum
512 965 680 1055 profectus
710 956 897 1047 diceretur,
937 969 1145 1060 eundemque

150 1082 197 1150 ob
220 1061 367 1147 indolem
390 1079 602 1147 traditionum
624 1076 840 1150 universalem
859 1084 1017 1152 idoneum
1039 1087 1144 1153 visum

150 1173 231 1281 esse,
254 1198 308 1263 eui
329 1214 439 1287 partes
462 1197 608 1265 doctoris
633 1181 866 1267 tribuerentur.
908 1200 986 1270 Sola
1017 1203 1063 1269 sic
1084 1211 1167 1268 ·1·e-‘

149 1330 213 1381 stat
235 1311 350 1378 relatio
381 1312 502 1378 biblica
532 1312 614 1379 de
605 1317 722 1381 ttinere
745 1316 964 1384 Abrahami
954 1342 989 1383 m
1009 1319 1141 1410 AEgyp·

150 1433 239 1512 tum3
271 1452 375 1520 quum
412 1453 491 1497 vero
521 1431 657 1496 veritas
674 1434 746 1514 ejus
776 1434 1048 1522 probabilitate
1038 1437 1140 1526 ipsius

146 1549 198 1615 rei
218 1570 287 1613 non
310 1547 419 1613 minus
440 1567 542 1633 quam
565 1545 724 1614 historico
752 1545 919 1634 relationis
942 1567 1021 1639 typo
1046 1574 1139 1618 com·

147 1639 322 1731 mendetur
338 1666 433 1747 ⁴⁴⁵),
446 1678 573 1727 certum
594 1660 783 1728 habendum
811 1679 877 1745 est,
915 1665 1139 1732 Abrahamum

102 1860 105 1864 Δ
146 1785 182 1862 iu
190 1781 385 1871 AEgyptum
408 1777 595 1867 profectum
616 1801 695 1844 esse.

160 1942 163 1946 ›
234 1892 303 1961 Sed
332 1917 505 1986 quonum
500 1893 677 1981 consilio
668 1919 703 1961 ιιι
724 1895 905 1989 AEgyptum
929 1921 964 1964 se
988 1895 1141 1966 contule·

144 2015 199 2095 rit,
222 2028 332 2079 utrum
352 2028 477 2078 tantum
500 2011 619 2077 samem
641 2031 906 2102 peregrinatione
918 2033 1060 2095 evitare,
1076 2039 1138 2081 an·
1168 2040 1175 2049 ⁸

110 2160 113 2164 Δ
141 2148 211 2191 non
223 2123 347 2191 ibidem
361 2126 529 2194 sedem⁰
486 2128 584 2214 ligere
596 2129 747 2211 voluerit,
765 2130 854 2197 haud
866 2149 1004 2199 constat.
1048 2135 1135 2200 Tra-

140 2242 233 2340 ditur
262 2241 416 2333 quidem,
444 2246 577 2311 eumin
605 2248 716 2312 auimo
747 2249 898 2316 babuisse
916 2249 1137 2338 peregrinari
1187 2242 1189 2246 ⁸

141 2361 176 2423 in
198 2360 354 2451 AEgypto,
378 2361 487 2454 (Gen,
500 2373 559 2444 12,
591 2364 650 2445 10)
678 2360 734 2427 sed
763 2387 866 2454 quum
891 2380 925 2429 et
947 2363 1037 2431 idem
1061 2366 1149 2431 ver··

139 2475 231 2540 bum
241 2475 284 2540 do
302 2476 506 2568 habitatione
524 2480 593 2560 ejus
614 2480 649 2541 in
670 2476 841 2546 Palaestina
862 2455 1054 2569 irequenter
1076 2502 1135 2546 oc·

126 2604 271 2683 2eurrst,
299 2605 332 2652 et
351 2588 713 2668 eonsiliumfueillime
732 2616 797 2682 pro
822 2595 911 2659 exitu
939 2593 988 2656 rei
1021 2594 1134 2658 fictum

139 2725 211 2771 esse
232 2703 356 2792 possit,
375 2701 423 2768 nil
445 2686 575 2785 obstat,
596 2706 774 2794 quominus
784 2706 1000 2798 suspicemur,
1024 2707 1135 2771 Abra·

139 2821 294 2900 hamum,
324 2819 383 2909 qui
411 2840 520 2917 nuper
541 2820 578 2885 in
607 2818 814 2887 Palaestinam
842 2821 1004 2900 venisset,
1032 2843 1135 2887 cona·
1174 2813 1176 2819 ’

140 2953 211 3002 tum
232 2959 300 3002 esse
323 2933 432 3001 adhue
454 2923 580 3003 laetiora
604 2956 726 3027 pascua
747 2936 782 3002 in
805 2936 950 3027 AEgypto
974 2936 1134 3004 invenire.

139 3051 205 3120 Sed
230 3053 271 3117 ab
295 3051 457 3139 indigenis
481 3051 619 3122 uiolatus
642 3052 685 3121 sd
708 3051 782 3122 loca
802 3049 916 3120 relicta
940 3050 1051 3135 rediit,
1120 3124 1126 3135 ⁶

139 3232 406 3254 —fi—-u-n

143 3400 146 3406 .
206 3349 290 3402 humo
315 3350 509 3420 proficiscenti
534 3351 640 3418 luisse,
668 3363 701 3408 ut
728 3363 777 3408 sut
800 3356 861 3424 ipse
890 3356 1043 3408 tententiae
1067 3353 1150 3408 suas

157 3494 159 3498 Α
206 3443 357 3510 religiosus
382 3443 561 3515 emendaret,
586 3456 637 3499 sut
654 3445 805 3514 AEgyptios
829 3447 947 3499 meliora
965 3445 1120 3499 doceres·
1203 3507 1206 3510 ,

122 3531 184 3601 ⁴⁴)
202 3534 311 3604 Joaoplt.
328 3534 378 3589 1.
367 3551 392 3592 e.
409 3535 491 3588 ”nam
510 3553 526 3588 a
543 3535 704 3589 Chaldaeis'
695 3553 727 3588 ur
739 3536 907 3612 AEgyptum,
923 3535 994 3589 inde
1008 3534 1043 3586 ad
1054 3532 1130 3585 Gras-

207 3640 255 3679 oos
281 3626 449 3680 manaruut”
474 3623 525 3681 cir.
542 3627 700 3697 Eupolem.
712 3627 769 3683 l..i
786 3632 838 3694 qui
856 3641 956 3694 quum
955 3628 1019 3677 iter
1037 3622 1130 3677 Abra·

204 3715 280 3768 hami
297 3721 472 3787 narraverit,
496 3733 565 3771 mox
590 3714 687 3770 hostili
702 3717 802 3770 ardori
819 3717 957 3783 indulget.

134 3802 298 3873 ⁴⁵)Fames
317 3805 388 3859 Gen
407 3814 457 3871 12,
482 3815 532 3872 10,
557 3808 664 3861 reditus
683 3810 718 3861 ad
743 3808 865 3861 eundem
882 3809 1093 3872 looum13‚3.
1112 3811 1129 3866 l

204 3909 233 3950 et
257 3902 486 3953 commemoratio
512 3888 618 3952 turillae
636 3900 807 3967 AEgyptiaeae
835 3903 884 3962 16
912 3907 927 3958 1
953 3898 987 3952 cl
1012 3901 1057 3959 21,
1083 3902 1127 3960 21,

203 3999 299 4042 notam
317 3989 481 4045 historicam
499 4001 611 4059 gerunt
