2558 4538
622 302 693 378 ras
801 395 805 402 ¹

160 506 278 588 tradit,
310 506 453 575 Esavum
478 496 628 585 deinum,
667 521 761 595 patre
782 521 932 583 mortuo,
963 507 996 568 iu
1024 501 1164 570 Sciranr'

158 623 347 716 profectum
370 645 440 687 esse
464 621 530 708 (36,
553 622 598 703 6).
641 619 755 709 Quum
777 617 874 685 facile
894 643 955 710 per
977 618 1148 711 prolepsin

157 739 269 834 futura
292 738 391 804 Esavi
413 736 506 823 sedes
531 737 698 808 nominata
720 737 781 834 ait,
805 736 908 826 quum
929 753 963 801 et
984 759 1013 802 c·
1031 746 1084 814 35,
1107 745 1149 808 29

155 854 228 936 <ubi
257 871 386 945 patrem
408 855 549 944 sepelire
573 853 709 937 dicitur)
740 870 774 920 et
803 846 888 918 ratio
918 848 1149 922 imbecillitatis

155 972 260 1061 patris
292 964 446 1038 suadeant
469 971 682 1050 sententiam,
705 991 780 1034 eum
803 967 963 1048 nondum,
989 965 1145 1056 quamdiu

105 1119 116 1127 ·
154 1103 250 1176 poter
272 1097 435 1174 superstes
451 1100 557 1164 esset,
579 1086 782 1166 discessisse,
809 1084 879 1149 haec
902 1062 1034 1150 traditio
1057 1104 1147 1171 prae-

154 1197 291 1273 ferenda
315 1199 456 1268 videtur.
505 1181 629 1271 Esavus
648 1226 725 1288 ergo
746 1200 888 1272 ,colonia
910 1197 1064 1291 praeluit,
1094 1198 1148 1264 cui

88 1406 91 1410 .
154 1339 275 1383 novam
299 1313 506 1406 disciplinam
530 1311 685 1382 dederat,
716 1317 841 1386 Jacobs
866 1309 942 1383 cum
964 1316 1032 1382 suis
1052 1336 1148 1380 acce*-

152 1429 246 1498 dsnti
265 1456 337 1499 non
356 1431 427 1497 baec
441 1432 580 1500 col'ouiae
599 1432 698 1498 facies
716 1431 849 1523 placere
866 1433 992 1524 potuit3
1016 1428 1145 1509 milites,

152 1564 326 1614 venatores
347 1564 381 1612 et
399 1544 548 1626 latrones
570 1547 741 1639 pacificam
764 1548 879 1615 Jacobi
907 1549 1007 1617 vitam
1030 1546 1145 1612 turba·

151 1664 253 1745 bant;
289 1660 513 1754 quapropter,
545 1680 641 1756 patre
662 1679 813 1743 mortuo,
843 1683 946 1753 quum
968 1658 1093 1728 Esavus
1111 1642 1154 1724 in

122 1856 127 1863 ,
152 1777 226 1845 loca
247 1779 413 1846 venationi
437 1785 470 1845 'et
483 1777 658 1846 latrocinio
680 1780 809 1880 aptiora
830 1775 921 1844 abire
937 1756 1047 1854 vellet,
1071 1772 1146 1866 ple·
1254 1861 1262 1875 Ι

86 1906 89 1914 “
151 1917 275 1984 rosque
309 1917 395 1960 cum
405 1917 457 1961 eo
490 1894 660 1991 discedere
692 1892 807 1989 passus
841 1892 990 1974 videtur,
1022 1890 1147 1958 relictis
1248 1964 1251 1970 Δ

147 2008 279 2075 solis
250 2033 314 2102 eas,
339 2033 422 2101 quos
446 2011 520 2078 vitae
542 2033 644 2098 genus
664 2028 721 2077 aut
743 2009 906 2102 possessio
931 2009 1089 2098 acquisita
1110 2008 1145 2073 iu
1216 2032 1218 2039 ’

150 2121 225 2191 loco
248 2123 347 2192 solito
371 2125 570 2194 detinerent.
637 2108 713 2195 Non
738 2125 850 2192 multis
880 2128 991 2218 itaque
1015 2124 1146 2194 colonia
1200 2154 1203 2160 ·

114 2320 121 2333 ἢ
150 2262 236 2309 nova
259 2258 352 2308 aucta
373 2258 434 2321 est,
457 2259 556 2331 atque
562 2242 649 2337 ipsa
671 2218 706 2308 S.
720 2224 755 2308 S.
777 2243 863 2309 hanc
886 2265 999 2310 rerum
1023 2241 1145 2308 condi·
1161 2227 1165 2245 ⁴
1216 2298 1219 2302 .

133 2398 140 2417 ³-
151 2355 272 2450 tionem
286 2357 385 2425 luisse
399 2358 560 2451 affirmat,
587 2358 691 2448 quiam
703 2356 828 2426 nullam
841 2359 978 2429 omuino
999 2354 1143 2425 baeredi-

89 2476 91 2480 ’
150 2472 224 2538 tatis
246 2473 287 2538 ab
308 2476 418 2540 Isaaco
439 2475 563 2542 Jacobo
586 2475 713 2546 traditae
734 2477 937 2569 mentionem
961 2475 1068 2541 saciat.

201 2662 288 2777 §bb
345 2667 623 2747 tisana-Jacobs·
650 2679 681 2733 et
701 2673 828 2736 solonis
851 2675 888 2737 ιἰι
909 2670 1087 2736 Palaestina.

236 2794 391 2901 Digressu
420 2818 532 2908 itaque
553 2817 675 2885 familia
702 2819 822 2899 Erasi,
838 2818 996 2887 ²Jacobua
1017 2823 1142 2912 patrios

147 2953 257 2998 mores
280 2934 591 3000 acriter'tucbatur':
613 2936 663 3002 rei
683 2934 846 3026 pecuariae
866 2951 899 3002 et
920 2936 1005 3019 agris
1027 2935 1144 3003 colen·
1199 2944 1204 2950 '

149 3047 199 3112 dis
224 3050 329 3138 opera
349 3048 458 3117 solum
482 3051 556 3119 data
579 3047 713 3135 est3⁸ll
740 3047 867 3140 religio
885 3050 971 3118 avita
994 3054 1147 3120 restituta-

147 3178 214 3240 est,
236 3165 520 3235 circumcisionem
548 3170 620 3259 ipae
642 3168 679 3235 in
701 3166 941 3258 Mesopotamia
968 3184 1143 3258 nonnag-

148 3275 291 3359 leserat,
328 3301 361 3350 et
391 3302 457 3351 tam
480 3285 662 3352 necessaria
692 3283 804 3350 habita
828 3302 894 3366 est,
914 3266 971 3352 'ut
992 3299 1057 3352 una
1081 3287 1143 3353 bac
1170 3295 1172 3298 ⁴

79 3382 93 3417 '⁸
113 3472 116 3477 ἱ
145 3380 336 3465 conditione
348 3386 550 3467 filiamsuam
565 3380 727 3468 Canariaeo
742 3399 897 3467 traderet.
919 3399 1142 3469 Nihilominus
1233 3431 1236 3438 ·

147 3531 225 3578 vero
237 3511 348 3588 coloni
357 3540 432 3585 cum
441 3515 603 3604 indigenis
616 3519 717 3604 magis
731 3499 897 3609 magisque
909 3517 1139 3585 miscebantur.
1188 3594 1191 3599 .

149 3694 416 3713 *m

146 3811 192 3876 ⁰⁷)
211 3810 420 3881 Agriculturae,
438 3816 521 3884 cujus
541 3795 731 3886 exstnplum
723 3835 753 3870 ιιι
773 3817 892 3871 historia
910 3816 999 3870 Isaaci
1018 3820 1142 3870 occtarrit

212 3907 256 3971 26,
274 3911 317 3973 12,
335 3904 413 3959 nulla
434 3909 542 3960 anantio
561 3910 683 3976 amplius
702 3906 748 3970 flu
775 3909 823 3963 sed
842 3923 893 3999 pro
903 3906 1079 3968 necessitate
1100 3910 1141 3961 noi
1218 3954 1222 3963 ,

216 4009 274 4057 uon
291 3997 422 4067 neglecta
442 3997 565 4066 putanda
584 4010 635 4053 cst
