2558 4538
609 325 680 400 125
728 334 738 357 ‘¹

203 543 295 624 §w
342 537 396 604 De
414 539 648 624 'eotfflractioae
670 509 859 601 colonorum
878 542 948 603 cass
964 523 1097 624 petrin
1136 546 1150 580 ¹
1206 557 1211 563 ’

192 752 197 762 ,
231 676 405 756 Alterum,
435 701 502 767 quo
533 674 730 766 impeditum
755 685 820 757 est,
847 663 889 741 ue
920 674 1136 748 colonicam
1239 701 1246 709 ⁵

143 795 311 860 Cananaeis
334 792 432 885 plane
456 791 693 872 coalescerent,
723 793 912 874 conjunctio
934 817 1017 861 eum.
1030 799 1137 887 patria

142 927 175 976 et
197 913 292 995 gente
308 908 421 975 relicta
446 925 526 974 erat.
567 886 723 1002 ⁸Apparet
743 933 791 992 ea,
816 926 881 977 tam
900 913 1028 1001 quotics
1049 936 1138 978 nun-

142 1029 178 1093 tii
200 1026 366 1117 apportati
393 1049 423 1092 v·
447 1049 476 1091 c.
502 1026 587 1092 Gen.
609 1035 661 1105 22,
690 1036 749 1109 20,
780 1013 880 1118 quum
903 1027 961 1092 nbi
990 1026 1090 1119 legati
1118 1054 1136 1094 a

143 1141 274 1210 colonia
291 1143 380 1208 missi
398 1139 563 1208 dicuntur.
606 1143 650 1208 Et
670 1118 770 1228 magis
785 1141 893 1209 adhuc
915 1143 985 1209 haec
1003 1130 1148 1224 'vincula

140 1260 419 1346 conservabantur
447 1283 508 1348 per
530 1235 623 1341 ‚nora
637 1334 639 1338 Α
652 1260 870 1348 matrimonia.
902 1243 1058 1336 ,Etenim
1081 1262 1136 1326 in-

141 1377 241 1460 signis
278 1400 356 1440 eura
385 1375 536 1464 puritatis
577 1375 688 1464 stirpis
729 1373 896 1443 servandae
912 1364 914 1370 Α
930 1377 1135 1466 primoribus

142 1490 486 1572 luit.Abral1amus
500 1509 635 1556 uxorem
657 1515 768 1558 secum
791 1516 829 1556 ex
850 1489 1001 1559 Chaldaea
1025 1490 1135 1559 addu—

142 1625 233 1674 xerat
240 1655 254 1686 ,
284 1625 317 1673 et
347 1605 441 1674 valde
465 1607 590 1706 timuit,
620 1631 663 1672 ne
686 1608 797 1673 lsaaeo
825 1596 947 1672 uxore
966 1605 1161 1691 Cananaeis·
1201 1666 1206 1674 ,

142 1721 331 1826 eligeretur
340 1699 425 1790 Gen.
442 1732 495 1802 24,
511 1735 552 1805 33
573 1721 776 1789 Rebecca'e
745 1724 844 1806 igitur
867 1707 1003 1787 Cliarris
1025 1745 1135 1787 arces-

141 1840 198 1904 sita
223 1857 281 1906 est.
304 1841 494 1929 parentibus
522 1837 616 1907 valde
640 1837 839 1930 displicuere
863 1838 1029 1905 connubia
1057 1861 1132 1925 eum

141 1952 255 2020 alienis
280 1964 332 2036 26,
356 1967 420 2036 353
444 1969 497 2038 28,
522 1971 552 2037 1,
574 1944 676 2047 quare
700 1973 732 2021 et
753 1955 815 2020 sub
835 1940 996 2045 protextu
1021 1953 1152 2034 tttettri·¹

141 2073 243 2138 monii
263 2073 404 2141 lacobus
426 2073 568 2140 Charra's
593 2053 709 2139 missus
731 2087 802 2154 est,
831 2095 893 2137 nec
915 2067 1136 2162 improbabile
1211 2106 1215 2114 ·

142 2206 207 2266 est,
230 2187 311 2256 alios
330 2187 467 2256 colonos
487 2191 557 2256 haec
578 2188 726 2282 exempla
748 2169 891 2254 imitatos
913 2209 992 2252 esse.
1037 2179 1136 2253 ¹Atta-

142 2327 216 2369 men
236 2324 268 2372 et
281 2304 395 2372 infelix
411 2304 589 2380 sterilitatis
605 2329 695 2373 casus
714 2323 746 2372 et
760 2303 963 2371 consuetudo
979 2305 1136 2370 continua

141 2445 214 2486 cum
238 2420 351 2487 alienis
375 2423 534 2504 serebant,
560 2440 595 2489 ut
615 2405 749 2515 qnoque
765 2409 971 2488 matrimonia
991 2396 1065 2487 eum
1089 2412 1137 2485 eis

140 2540 364 2618 jungerentur.
408 2534 521 2623 Quum
538 2540 602 2621 jatir
621 2535 861 2603 Abrahamnse
879 2527 1135 2625 pellieeJEgy'pss

143 2650 185 2712 tia
210 2643 333 2728 stalis,
356 2649 968 2742 (Ge11.25,1)quaeCananaeatuisse
992 2648 1134 2726 ridetur,
1192 2670 1195 2675 ¹
1263 2652 1265 2656 ’

138 2763 263 2844 liberos
278 2765 488 2863 suscepisset,
503 2791 605 2858 quum
620 2765 761 2833 secunda
780 2764 946 2870 generatio
961 2761 1054 2828 nullo
1071 2786 1134 2852 pa·
1187 2761 1191 2765 ’

140 2881 210 2946 triae
234 2880 355 2948 relictas
374 2905 486 2950 amore
510 2900 687 2962 teneretur,
720 2880 850 2957 accidit,
879 2895 916 2944 ut
937 2879 1038 3005 magis
1064 2900 1136 2941 ma·

86 2990 92 3000 “
139 2999 252 3089 gisque
285 3000 440 3090 frequens
467 3024 542 3066 eum
572 2999 679 3091 patria
714 2995 949 3064 commercium
984 2978 1135 3059 cessaret.

79 3188 81 3193 ¹
116 3146 118 3149 ·
139 3117 261 3179 Omnes
284 3116 343 3182 lilii
367 3117 546 3182 Abeahami
570 3141 610 3181 ex
636 3113 812 3213 pellicibus
833 3111 900 3176 nati
925 3095 1133 3179 matrimonia

139 3238 213 3295 cum
236 3231 374 3298 alienis
363 3234 506 3316 Junxisse
529 3231 700 3300 vedentur
689 3275 700 3310 ,
723 3226 839 3295 Ismael
854 3245 886 3294 ct
900 3225 1025 3296 Esavus
1045 3240 1136 3320 quo-'
1185 3224 1188 3227 ’
1218 3233 1220 3238 ’

139 3369 204 3436 que
232 3346 352 3418 alienas
381 3337 566 3429 duxerunt3
591 3345 672 3414 -soli
707 3347 823 3419 ,Isaeeo
857 3369 940 3427 uxor
971 3345 1136 3434 epatris
1179 3330 1182 3337 ⁸

138 3463 213 3529 data
235 3483 294 3528 est.
349 3466 462 3553 Quum
487 3454 715 3546 verot'nacus
738 3459 1033 3553 quoquecolo'niae
1057 3473 1135 3551 pest
1209 3465 1240 3471 ”

136 3597 265 3670 patrem
282 3598 447 3671 praeesset,
467 3582 532 3647 hoe
546 3577 765 3649 distinctionis
781 3578 950 3661 criterium
969 3572 1134 3669 aliquant*-
1204 3582 1208 3588 '

137 3695 195 3761 diu
215 3695 323 3763 adhuc
343 3698 378 3762 in
397 3695 526 3764 colonia
542 3692 720 3791 principali
746 3693 853 3778 magni
877 3673 1108 3759 estimabatur.

174 3920 176 3927 ·
194 3896 214 3979 ἓ
235 3898 290 3962 31.
338 3897 393 3960 De
415 3865 543 3980 colonio
561 3915 623 3978 per
645 3893 877 3982 emigrationes
900 3870 1073 3956 diminuto.

228 4035 350 4121 Praeter·
374 4032 675 4104 discessum‘Lothi
705 4024 895 4103 ariantaliae
921 4029 1130 4129 migrationes
1191 4013 1195 4027 ‘
