2558 4538
344 402 350 433 l

100 485 250 529 numerus
278 465 422 533 Africani
457 484 608 556 tanquam
646 469 747 549 major
777 463 993 554 praeferendus
1026 485 1082 534 ost.

17 672 21 677 ι
99 584 221 646 Tamen
241 597 347 652 nont
372 582 479 667 fuere3
512 582 713 650 manifestum
736 580 823 648 enini
841 598 903 661 est,
934 579 1082 648 ultimum

96 719 156 786 per
177 720 342 781 errorem,
376 701 445 768 sive
474 701 587 767 scribae
610 703 676 766 sive
699 694 863 790 Synoelli,
897 698 1080 790 irrepsisse3

96 837 170 878 nam
190 816 217 880 si
237 839 283 899 ea,
305 839 376 907 quae
396 814 564 908 syncellus
584 842 622 883 ex
639 816 781 884 Eusebio
799 838 832 880 se
850 815 977 905 petiisse
997 839 1080 906 pro-

94 928 215 1012 fitetur,
245 955 319 998 cum
339 935 410 1026 ipso
433 933 599 1002 Chronico
620 932 672 1001 vel
692 937 823 1003 Canoue
844 950 1079 1023 comparantur.

51 1060 54 1064 ’
92 1064 235 1138 apparet,
260 1073 378 1116 nomen
402 1051 569 1119 Alcandri
583 1054 667 1136 regis
688 1075 757 1117 non
770 1050 935 1142 reperiri3
958 1046 1080 1114 Alcan-

79 1140 152 1227 ¹dra
179 1187 257 1232 vero
289 1191 371 1233 uxor
401 1167 545 1281 Thuoris
572 1168 668 1235 fuisse
697 1168 826 1234 dicitur.
879 1165 970 1230 Hane
990 1189 1079 1243 voro,

97 1305 198 1370 quum
220 1307 338 1348 nomen
361 1310 497 1350 uxorum
518 1284 592 1350 addi
608 1309 688 1351 non
697 1283 806 1363 soleat,
829 1280 997 1374 Syncellus
1017 1309 1081 1352 no-

93 1419 169 1462 vum
191 1422 327 1482 regem
331 1424 398 1466 esse
421 1403 553 1490 putavit.
567 1406 620 1485 ³⁴)
674 1405 743 1469 Nec
771 1398 861 1465 aliter
886 1399 1019 1479 sactum
1030 1403 1080 1465 vi·
1120 1416 1123 1421 ’

46 1599 55 1620 Ι
95 1511 206 1594 detur,
240 1534 275 1581 ut
300 1514 461 1584 Alcander
488 1521 523 1582 in
549 1520 707 1610 excerptis
729 1516 873 1600 Africani
894 1508 1081 1607 reperiatur,

93 1627 126 1694 id
151 1609 240 1722 quoti
261 1633 356 1698 etiam
371 1634 453 1723 'ipsa
475 1629 541 1702 loci
563 1632 690 1704 indoles
712 1633 903 1725 probatr³⁵)
950 1633 1079 1698 Restant

92 1770 169 1832 ergo
198 1750 234 1814 in
256 1747 399 1836 catalogo
423 1750 567 1821 Africani
590 1762 612 1826 6
633 1770 665 1818 et
691 1752 725 1816 in
746 1746 805 1815 illo
827 1748 959 1815 Eusebii
979 1760 1000 1822 5
1022 1772 1078 1814 rc·

14 1892 17 1898 ·
91 1887 156 1948 ges.
186 1902 229 1918 --
261 1867 470 1959 Discrepatur
500 1868 617 1935 deinde
646 1870 790 1934 numeris
811 1889 986 1943 annorum,
1021 1869 1077 1956 qui

10 1982 13 1989 ’
90 1969 218 2066 regibus
240 1984 435 2054 tribuuntur.
481 1985 612 2052 Constat
633 2010 729 2069 vero,
763 1984 863 2050 moris
885 2005 952 2046 esse
974 1983 1079 2057 Euse-

89 2099 145 2164 bio
167 2103 406 2170 accuratissimo
428 2129 528 2171 annos
548 2128 662 2190 regum
679 2105 881 2206 omissorum¹
893 2124 966 2165 cum
987 2103 1077 2165 annis

91 2217 316 2306 proximorum
345 2225 500 2307 jungere3
515 2227 568 2305 ³⁶)
590 2225 653 2305 jam
686 2245 764 2289 vero
798 2222 834 2284 in
862 2234 973 2311 nostro
1003 2215 1078 2284 loco

89 2335 281 2402 Amenemni
296 2333 408 2429 plures
429 2363 528 2404 annos
543 2340 655 2405 tribuit
667 2363 770 2431 >quam
782 2336 967 2415 Africanus,
991 2339 1077 2401 otni-

90 2450 131 2513 sit
146 2473 224 2517 vero
236 2453 419 2538 Ramesem3
443 2453 624 2540 colligimus
639 2454 727 2537 hinc,
750 2435 915 2520 Rama-sem
927 2475 1077 2543 'regnasse
1124 2442 1130 2461 ⁴

102 2590 367 2651 24-

95 2729 140 2796 Μ)
160 2730 302 2798 Interprea
320 2737 472 2803 armenius,
488 2736 589 2806 eodem
606 2739 722 2791 insolito
737 2734 927 2790 additamento
940 2732 1077 2797 turbatur,

160 2839 264 2875 nomen
280 2827 482 2896 interpretatus
503 2839 561 2881 est:
580 2831 642 2884 ”tir
659 2830 790 2882 immanis
806 2822 945 2878 roboril.'‘

95 2911 138 2977 Β5)
160 2912 251 2966 Locus
270 2919 309 2969 ita
330 2917 480 2972 sehabet:
500 2921 614 2989 Syncell
629 2939 659 2988 p·
678 2925 724 2985 72·
744 2911 848 2985 θιόρισ,
864 2911 950 2986 inuti
968 2912 1076 2986 Ὁμήρῳ

160 3002 304 3073 ”allfissvoe
323 3007 448 3081 Πσλῦβοε
466 3010 488 3069 ς’
506 3015 523 3078 ζ
534 3009 716 3083 blindaim,
742 3004 784 3078 ἔφ’
810 3000 825 3061 ἕ
849 3002 880 3061 ul
898 3002 986 3062 Ἴλιον
1010 3005 1078 3062 ἑάλω

158 3095 202 3164 ἔτη
216 3096 238 3162 ζ
248 3116 256 3160 ;
275 3099 402 3155 desectus
423 3104 504 3159 verbi
520 3092 648 3172 tta-*ante
668 3103 699 3170 ς’,
726 3095 967 3171 quod'nunquam
984 3105 1079 3153 omitti
1115 3127 1120 3137 ·

158 3191 239 3249 solet,
258 3201 287 3243 et
297 3198 386 3246 mirus
399 3212 493 3261 nasus,
516 3197 593 3266 quod
603 3207 700 3249 sextus
713 3200 838 3261 Gonnos,
854 3197 989 3262 septimus
1008 3209 1076 3244 veru

157 3288 352 3350 tregnasseu
379 3285 537 3341 offendunt.
582 3290 725 3342 Facillime
744 3303 813 3339 vero
832 3302 968 3338 numerus
986 3302 1076 3339 anuo-

160 3388 224 3423 rum
240 3372 346 3440 Polybi
367 3394 419 3444 pro
444 3397 563 3434 numero
587 3385 656 3433 novi
681 3384 756 3447 regis
775 3376 890 3430 habitus
911 3388 966 3443 eat,
999 3377 1075 3443 quoti
1135 3359 1138 3367 ¹

158 3461 270 3529 Polybo
290 3480 377 3519 uxor
383 3483 482 3535 prater
499 3472 615 3526 solitum
631 3473 762 3542 adjuncta
783 3469 847 3521 luit.

92 3554 135 3620 Μ)
158 3551 231 3605 Sic
223 3571 254 3606 ιιι
273 3555 403 3621 dynastia
423 3561 522 3615 XVlll
535 3564 606 3616 duos
626 3581 707 3634 reges
722 3563 904 3667 cognomines
916 3558 1075 3623 coujuunit,

159 3651 238 3701 aunis
260 3664 328 3702 vero
346 3647 480 3707 servatis

376 3779 522 3849 Josupltus
608 3770 610 3778 ’
631 3777 769 3834 Eusebius

580 3869 809 3894 -ι--ι-

335 3932 446 3978 Raurica
525 3939 553 3990 st
593 3936 717 3980 &massot
761 3936 813 3983 ὅθ’

334 4020 442 4066 Armenta
452 4023 485 4068 Μ.
511 4026 550 4081 tt}
