2558 4538
615 284 685 358 us
789 246 793 263 ’

244 491 361 559 Taceat
388 514 466 577 ergo
495 490 630 556 historia
645 486 700 577 ‘de
721 477 835 570 rebus,
856 558 861 589 ι
879 515 949 581 quae
972 495 1084 562 inlanti
1107 515 1138 563 et
1197 518 1203 525 ·
1238 547 1245 559 .

147 631 254 701 puero
286 608 443 678 accidere.
470 608 596 696 juvenis
615 605 804 698 AEgyptinm
826 605 1023 676 interfecisse
1053 611 1138 678 dici·

147 698 213 810 tui,
235 722 322 794 ultor
342 728 468 815 injuriae
488 727 553 793 suis
575 721 683 792 illatae.
726 719 951 815 (Aliquantum
971 723 1065 793 aliter
1084 753 1137 796 res

145 862 296 911 narratur
333 845 373 910 ab
408 848 589 936 Artapatou
624 842 660 908 in
693 842 777 908 Eua.
815 843 921 935 Praep.
959 841 1024 927 IX,
1068 857 1137 927 27.)

148 961 306 1052 Quamvis
326 965 491 1054 Iosephus
509 984 572 1054 pro
595 955 722 1041 studio,
755 959 807 1024 oui
826 982 1060 1054 nonnunquam
1080 964 1136 1029 in-

112 1070 118 1079 ’
146 1077 269 1165 dulget,
292 1079 413 1148 cadem
429 1057 584 1161 omiserit,
609 1100 646 1141 ea
661 1093 827 1168 tantopere
841 1101 916 1145 eum
934 1079 1041 1163 rebus,
1064 1104 1136 1172 quae
1159 1094 1163 1125 a

145 1215 262 1265 secutae
291 1215 384 1282 sunt,
428 1197 587 1278 cohaeret,
634 1210 669 1262 ut
698 1191 808 1263 nullus
832 1192 923 1265 locus
954 1195 1054 1265 dubio
1085 1201 1136 1266 sit.

137 1316 225 1381 -Heec
245 1316 332 1383 enim
353 1339 445 1382 causa
465 1332 548 1398 erat,
579 1335 638 1379 cur
659 1309 701 1377 ad
719 1310 910 1382 Jethronem
930 1312 1066 1402 lugeret.

190 1484 285 1600 §47ss
354 1517 409 1584 De
438 1516 552 1594 rebus,
599 1533 671 1600 quse
685 1520 841 1599 proxime
862 1526 940 1583 uate
962 1524 1088 1585 exitum

545 1641 731 1698 euenerunt.

131 1784 134 1789 ’
234 1781 382 1854 Consilio
403 1800 549 1867 maturo,
582 1780 623 1848 ad
651 1805 727 1849 suos
748 1780 868 1864 rediit3
900 1778 1025 1866 singula
1043 1804 1134 1866 vero,

148 1922 219 1991 quae
241 1919 311 1968 tum
332 1918 523 1985 evenerunt,
557 1923 626 1969 non
646 1896 739 1965 facile
759 1914 925 1966 eruuntur.
977 1899 1136 1967 Destitui-
1181 1915 1184 1922 ’

145 2041 220 2084 mur
247 2017 456 2088 relationibus
485 2019 618 2102 exterisss
663 2041 738 2084 nam
760 2016 944 2110 quicunque
966 2015 1136 2087 historiam

143 2137 245 2201 exitus
269 2135 518 2230 descripserunt,
543 2154 652 2230 aperte
669 2135 704 2204 S.
723 2135 757 2203 S.
772 2135 875 2203 secuti
895 2123 979 2203 sunt.
1020 2139 1135 2206 Arta·

141 2279 256 2343 ponus
276 2271 307 2320 et
329 2256 493 2347 Joaeplsus
514 2252 680 2322 nonnullis
709 2254 852 2337 mutetis,
875 2255 1002 2321 omissis
1021 2271 1073 2320 aut
1095 2279 1134 2320 ex

142 2390 252 2439 natura
272 2374 322 2438 rei
344 2370 529 2459 colligendo
550 2370 684 2455 additis,
718 2373 935 2440 narrationem
956 2355 1134 2440 Mosaicam
1160 2428 1162 2433 .
1187 2374 1191 2381 '

141 2478 368 2576 repetierunt,¹
383 2493 541 2557 Ezechiel
546 2491 702 2572 Tragieus
718 2488 1132 2578 (Praep.Eus.lX,28.29.)

143 2601 248 2673 forma
264 2603 402 2695 poetica,
425 2626 510 2694 saepe
526 2601 669 2685 sublimi,
692 2625 744 2666 res
758 2619 899 2669 narratas
916 2602 1042 2686 induit,
1064 2604 1133 2685 sed,

116 2801 130 2819 μ
144 2745 244 2812 quum
268 2715 398 2787 difficile
424 2721 465 2786 sit
487 2721 619 2810 'poetica
646 2719 681 2783 in
700 2717 817 2810 poesin
839 2735 980 2803 mutare,
1015 2722 1132 2814 saepius

143 2857 270 2905 narrata
284 2834 475 2930 simpliciter
489 2834 642 2903 reddidit.
687 2836 898 2903 Destituimur
919 2838 988 2931 ipsa
1001 2841 1132 2931 AEgyp-

141 2960 184 3023 tia
204 2956 358 3039 historia,
395 2978 467 3046 quae
491 2949 696 3021 solummodo
716 2969 843 3034 narrat,
880 2953 988 3022 hostes
1007 2979 1069 3047 per
1091 2967 1133 3031 13
1229 2975 1236 2979 ·

139 3100 240 3143 annos
264 3097 352 3143 sacra
373 3073 507 3166 AEgypti
529 3071 715 3164 profanasse
746 3088 778 3139 et
807 3069 892 3137 nihil
915 3096 982 3141 non
1011 3072 1130 3139 erude-

138 3190 236 3261 litatis
264 3210 416 3283 patrasse.
478 3191 533 3257 An
561 3188 656 3275 hujus
688 3185 767 3254 belli
794 3190 925 3289 aMose
951 3193 1031 3279 gesti
1058 3215 1130 3258 me-

140 3311 245 3376 moria
271 3310 357 3376 inter
385 3311 540 3378 Hebraeos
568 3325 691 3375 servata
706 3307 776 3389 ¹sit,
815 3309 872 3399 qui
899 3333 974 3377 eum
997 3308 1131 3380 AEthio-

139 3451 198 3519 pes
225 3401 495 3512 fugasse'di'cant,
539 3424 675 3491 delinire
694 3447 764 3491 non
788 3430 907 3510 ausim3
947 3444 1069 3511 tantum
1091 3436 1141 3490 ex-

105 3552 109 3558 '
133 3542 305 3612 'annalibus
324 3543 531 3614 Manethonis
553 3558 695 3634 apparet,
719 3539 805 3608 bella
827 3566 902 3611 cum
922 3536 1130 3634 AEthiopibus

206 3861 255 3917 Sio
267 3867 328 3920 sos.
346 3862 441 3948 Aroh..
452 3871 478 3928 2,
495 3871 521 3929 9,
538 3870 556 3926 7
575 3872 685 3928 narret,
724 3822 836 3917 Judaeos
853 3878 1081 3934 maguamspem
1098 3867 1129 3917 in

207 3953 289 4010 Mosa
309 3953 417 4010 infante
437 3961 576 4027 posuisse,
594 3956 746 4027 AEgyptios
764 3954 837 4008 vero
851 3956 974 4023 eundern
991 3960 1128 4026 timuisse,

207 4058 303 4101 eontra
322 4049 408 4102 ond·
426 4053 451 4114 3,
469 4053 513 4110 13.
