2558 4538
600 236 685 342 161'

139 491 207 544 tum
229 438 436 571 suceessorum
454 475 592 556 numeri,
604 478 659 555 21)
693 492 819 539 necnon
843 471 1018 560 calumnia,
1051 482 1129 546 Mo.

141 620 208 664 sem
243 617 311 660 esse
342 589 541 660 sacerdotem
574 587 781 683 leprosum,¹
809 591 883 658 satis
912 591 1005 660 facile
1043 598 1129 665 aesti-

139 692 278 782 mantur.
1030 701 1034 710 ’

200 902 202 907 .
230 828 315 918 Quae
339 851 440 920 quum
460 830 504 897 ita
527 828 609 909 sint,
654 802 927 912 affirmare'licet,
960 806 1130 897 historiam
1195 868 1217 921 ',

138 946 241 1029 hanc,
262 947 398 1012 maxime
419 948 468 1012 uti
490 944 646 1011 Manetho
669 968 739 1011 eam
758 942 922 1028 exhibuit,
943 946 979 1010 in
998 945 1148 1013 cardine‘

138 1087 251 1130 rerum
282 1062 350 1147 fatav
367 1042 580 1130 Hebraeoruna
598 1060 731 1129 referre.
751 1058 863 1128 eadem
884 1085 962 1129 vero
985 1063 1021 1129 in
1043 1089 1130 1131 non-

139 1178 238 1246 nullis
262 1204 280 1245 a
302 1179 458 1248 relatione
482 1177 602 1246 biblica
627 1178 808 1273 discrepat3
843 1178 901 1245 sed
924 1205 1051 1272 semper
1075 1184 1128 1263 ita,
1180 1226 1183 1245 .-

138 1315 174 1363 ut
198 1296 232 1363 S.
250 1297 285 1364 S.
319 1317 371 1365 aut
402 1310 470 1365 non
502 1295 697 1367 contradicat
727 1314 780 1362 aut
817 1297 952 1364 obscure
973 1276 1128 1366 adeo'as-

85 1442 88 1447 ·
136 1389 312 1495 sentiatur3
341 1416 479 1507 exceptis
498 1404 719 1480 tantummodo
742 1415 801 1494 iis,
828 1439 900 1504 quae
922 1415 1027 1485 studio
1050 1419 1127 1483 irae-
1209 1494 1219 1505 ι

140 1542 202 1624 que
225 1513 256 1599 et
279 1515 467 1617 ignorantiae
486 1530 560 1597 sacti
583 1526 678 1621 plane
701 1528 871 1595 debentur.
927 1585 943 1609 ·.-

228 1651 354 1731 Fuere,
400 1649 516 1738 quibus
538 1645 609 1714 haec
631 1634 855 1711 convenientia
879 1663 963 1712 tanta
985 1649 1049 1712 visa
1072 1666 1127 1719 cst.
1194 1627 1196 1632 ἲ

139 1780 174 1830 ut
200 1767 402 1857 putaverint,
440 1764 609 1856 AEgyptios
635 1761 712 1830 odio
735 1761 919 1830 Judaeorum
943 1763 1054 1830 ductos
1076 1781 1129 1832 to·
1173 1766 1185 1841 ,’

141 1901 204 1947 tam
224 1881 414 1951 relationem
434 1883 668 1974 composuisse,
689 1903 789 1972 quum
812 1880 911 1970 primi
934 1879 1130 1948 Ptolemaeo-

138 2011 214 2068 rum
241 2000 357 2066 ludaeis
386 1998 560 2090 admodum
594 1997 749 2065 faverent.
786 2003 831 2081 (v.
871 2021 899 2063 c.
931 2000 1130 2067 Perizonius

138 2141 173 2205 p.
201 2120 276 2202 375)
306 2117 370 2184 Sed
399 2118 564 2209 quomodo
586 2115 741 2184 Manetho
764 2128 971 2210 monumenta
992 2117 1129 2207 antiquae

137 2231 282 2300 historiae
314 2233 485 2304 consulens
515 2235 704 2320 figmentum
730 2235 780 2298 sui
802 2235 959 2324 temporis
981 2257 1055 2299 cum
1075 2254 1132 2299 re*
1155 2317 1157 2321 Α

139 2349 199 2416 bus
221 2353 360 2442 antiquis
384 2354 430 2419 sic
455 2351 674 2426 confudisset?
698 2350 864 2442 quomodo
887 2350 1049 2418 duumviri
1065 2350 1130 2433 alii,

141 2465 373 2533 Manethonem
392 2493 461 2534 non
480 2471 599 2550 secuti,
624 2466 734 2533 eadem
754 2467 899 2533 historiae
924 2469 1028 2558 capita
1053 2493 1131 2533 nar-

140 2597 282 2664 rassent,
307 2568 370 2646 acsi
392 2582 554 2666 figmenta,
578 2607 649 2673 quac
673 2581 750 2649 odio
773 2581 940 2665 debentur,
963 2584 1025 2648 sibi
1051 2608 1132 2650 con-

140 2715 227 2763 stare
244 2694 392 2766 soleant?
415 2688 521 2766 Porro
538 2700 646 2764 insunt
660 2698 806 2765 historiae
822 2698 1029 2785 Manethonis
1043 2703 1131 2767 veri-

140 2816 212 2881 tatis
235 2815 375 2901 indicia:
419 2841 578 2907 nusquam
598 2840 632 2882 se
653 2814 839 2881 Judaeorum
863 2814 925 2881 lata
948 2815 1132 2909 describere

74 2992 77 2997 .
140 2930 258 2998 diserte
275 2933 409 3002 affirmat
419 2960 430 3016 3
451 2935 589 3019 ingenua
604 2929 793 3025 simplicitas
809 2934 867 2999 toti
884 2935 1060 3001 narrationi
1077 2937 1131 3000 in-

139 3066 198 3117 est.
218 3049 363 3118 hostibus
387 3053 561 3144 imperium
580 3076 645 3145 per¹
664 3063 706 3127 13
724 3074 824 3117 annos
846 3051 1010 3120 tribuitur.
1033 3057 1132 3122 Arete

139 3191 215 3243 cum
243 3166 369 3262 reliqua
389 3169 596 3238 Manethonis
621 3169 756 3236 historia
780 3171 935 3263 pericopa
957 3169 1028 3240 haec
1050 3198 1132 3240 con-

138 3288 246 3368 juncta
267 3294 388 3371 estu)
412 3313 472 3355 nec
494 3285 714 3391 probabilitati
736 3288 779 3352 ita
802 3287 999 3372 consulitur,
1044 3308 1079 3356 ut
1098 3293 1133 3354 iu
1157 3330 1159 3334 ι

139 3468 191 3540 ²⁷)
210 3472 391 3527 Pollutorum
407 3474 505 3541 00000
524 3488 574 3530 aut
591 3438 707 3543 250000
724 3474 812 3530 fuisse
831 3477 982 3566 dimanat,
1008 3468 1143 3526 auxilio*

106 3618 113 3629 ,
210 3583 275 3617 rum
299 3573 489 3629 200,000·aut
518 3572 648 3632 380,000:
683 3582 861 3634 egressorum
887 3581 956 3618 vero
981 3578 1041 3614 nou
1058 3563 1134 3616 ultra

207 3663 333 3716 2002000·
370 3653 400 3711 S.
414 3654 443 3712 S.
459 3661 530 3721 603,
547 3662 601 3716 550
616 3670 748 3711 numerat
765 3658 841 3710 Num
859 3665 892 3723 1,
911 3658 956 3716 46·
978 3686 980 3695 ι
1005 3648 1013 3680 ’

79 3790 81 3795 .
139 3745 186 3814 ²⁵³)
210 3745 407 3800 Memorautur
433 3745 580 3814 Solymitae
606 3757 739 3816 tanquam
761 3759 846 3800 raarrtea
869 3747 970 3814 ejectic
1004 3741 1135 3797 Amene-

153 3878 157 3885 .
208 3820 301 3908 pheos
330 3830 435 3906 cupido
454 3839 531 3891 Deos
550 3836 668 3905 ridendi
686 3856 751 3892 cum
770 3837 870 3890 eodem
890 3832 945 3890 Ori
961 3839 1037 3902 regis
1056 3836 1133 3890 desi·

211 3929 292 3982 derio
310 3928 473 3993 consertum
511 3933 572 3999 ipse
593 3925 771 3997 Amenophis
791 3932 859 3981 satis
875 3925 1065 3996 describitur,
1101 3940 1133 3981 ut

212 4027 243 4072 iu
265 4005 396 4090 'catalogo
415 4039 514 4092 regutn
534 4023 702 4091 reperietur.

906 4134 1019 4193 tt'
