<?xml version="1.0" encoding="UTF-8"?>
<!DOCTYPE html PUBLIC "-//W3C//DTD XHTML 1.0 Transitional//EN"
    "http://www.w3.org/TR/xhtml1/DTD/xhtml1-transitional.dtd">
<html xmlns="http://www.w3.org/1999/xhtml" xml:lang="en" lang="en">
 <head>
  <title>
</title>
<meta http-equiv="Content-Type" content="text/html;charset=utf-8" />
  <meta name='ocr-system' content='tesseract 3.04.00' />
  <meta name='ocr-capabilities' content='ocr_page ocr_carea ocr_par ocr_line ocrx_word'/>
</head>
<body>
  <div class='ocr_page' id='page_1' title='image "./historiapopulij00engegoog/historiapopulij00engegoog_0034.png"; bbox 0 0 2558 4538; ppageno 0'>
   <div class='ocr_carea' id='block_1_1' title="bbox 575 263 742 335">
    <p class='ocr_par' dir='ltr' id='par_1_1' title="bbox 575 263 742 335">
     <span class='ocr_line' id='line_1_1' title="bbox 575 263 742 335; baseline -0.018 -61"><span class='ocrx_word' id='word_1_1' title='bbox 575 263 638 335; x_wconf 56' lang='grc' dir='ltr'><strong>,Ι</strong></span> <span class='ocrx_word' id='word_1_2' title='bbox 739 266 742 271; x_wconf 80' lang='grc'>,</span> 
     </span>
    </p>
   </div>
   <div class='ocr_carea' id='block_1_2' title="bbox 50 461 1153 1052">
    <p class='ocr_par' dir='ltr' id='par_1_2' title="bbox 50 461 1153 1026">
     <span class='ocr_line' id='line_1_2' title="bbox 50 461 1112 560; baseline 0.003 -26.213"><span class='ocrx_word' id='word_1_3' title='bbox 50 469 274 560; x_wconf 84' lang='lat' dir='ltr'><strong>quoniam</strong></span> <span class='ocrx_word' id='word_1_4' title='bbox 303 462 396 532; x_wconf 89' lang='lat' dir='ltr'><strong>idem</strong></span> <span class='ocrx_word' id='word_1_5' title='bbox 414 461 635 548; x_wconf 69' lang='lat' dir='ltr'>chronologus</span> <span class='ocrx_word' id='word_1_6' title='bbox 664 463 764 532; x_wconf 87' lang='lat' dir='ltr'><strong>finem</strong></span> <span class='ocrx_word' id='word_1_7' title='bbox 793 487 951 544; x_wconf 82' lang='lat' dir='ltr'><strong>annorum</strong></span> <span class='ocrx_word' id='word_1_8' title='bbox 969 477 1032 543; x_wconf 79' lang='lat'><strong>526</strong></span> <span class='ocrx_word' id='word_1_9' title='bbox 1049 471 1112 537; x_wconf 72' lang='lat' dir='ltr'><strong>Ni-</strong></span> 
     </span>
     <span class='ocr_line' id='line_1_3' title="bbox 116 579 1112 687; baseline 0.002 -38"><span class='ocrx_word' id='word_1_10' title='bbox 116 581 295 687; x_wconf 78' lang='lat' dir='ltr'><strong>nyadnm,</strong></span> <span class='ocrx_word' id='word_1_11' title='bbox 312 580 354 648; x_wconf 86' lang='lat' dir='ltr'><strong>de</strong></span> <span class='ocrx_word' id='word_1_12' title='bbox 373 605 446 675; x_wconf 92' lang='lat' dir='ltr'><strong>quo.</strong></span> <span class='ocrx_word' id='word_1_13' title='bbox 461 583 634 674; x_wconf 77' lang='lat' dir='ltr'><strong>quaritur,</strong></span> <span class='ocrx_word' id='word_1_14' title='bbox 667 605 735 651; x_wconf 87' lang='lat' dir='ltr'><strong>non</strong></span> <span class='ocrx_word' id='word_1_15' title='bbox 760 579 812 646; x_wconf 91' lang='lat' dir='ltr'><strong>ad</strong></span> <span class='ocrx_word' id='word_1_16' title='bbox 830 580 956 650; x_wconf 81' lang='lat' dir='ltr'><strong>eadem·</strong></span> <span class='ocrx_word' id='word_1_17' title='bbox 953 603 1112 677; x_wconf 88' lang='lat' dir='ltr'><strong>tempora</strong></span> 
     </span>
     <span class='ocr_line' id='line_1_4' title="bbox 95 671 1148 791; baseline 0.001 -25"><span class='ocrx_word' id='word_1_18' title='bbox 95 682 239 768; x_wconf 53' lang='lat' dir='ltr'><strong>aretulit‘.</strong></span> <span class='ocrx_word' id='word_1_19' title='bbox 280 697 351 765; x_wconf 76' lang='lat' dir='ltr'><strong>sed</strong></span> <span class='ocrx_word' id='word_1_20' title='bbox 368 699 556 791; x_wconf 83' lang='lat' dir='ltr'><strong>suspicatur,</strong></span> <span class='ocrx_word' id='word_1_21' title='bbox 578 671 754 789; x_wconf 83' lang='lat' dir='ltr'><strong>dynastiam·</strong></span> <span class='ocrx_word' id='word_1_22' title='bbox 772 695 933 789; x_wconf 89' lang='lat' dir='ltr'><strong>quandam</strong></span> <span class='ocrx_word' id='word_1_23' title='bbox 953 717 1027 790; x_wconf 91' lang='lat' dir='ltr'><strong>post</strong></span> <span class='ocrx_word' id='word_1_24' title='bbox 1048 702 1110 767; x_wconf 88' lang='lat' dir='ltr'><strong>Ni</strong></span> <span class='ocrx_word' id='word_1_25' title='bbox 1145 740 1148 756; x_wconf 61' lang='grc' dir='ltr'><strong>ι</strong></span> 
     </span>
     <span class='ocr_line' id='line_1_5' title="bbox 114 798 1130 908; baseline -0.001 -23"><span class='ocrx_word' id='word_1_26' title='bbox 114 815 235 908; x_wconf 78' lang='lat' dir='ltr'><strong>nyades</strong></span> <span class='ocrx_word' id='word_1_27' title='bbox 255 798 429 897; x_wconf 80' lang='lat' dir='ltr'><strong>excidisse,</strong></span> <span class='ocrx_word' id='word_1_28' title='bbox 468 838 603 908; x_wconf 86' lang='lat' dir='ltr'><strong>eamque</strong></span> <span class='ocrx_word' id='word_1_29' title='bbox 624 811 855 884; x_wconf 77' lang='lat' dir='ltr'>Chaldaeorum</span> <span class='ocrx_word' id='word_1_30' title='bbox 877 827 946 882; x_wconf 81' lang='lat' dir='ltr'><strong>¹osse</strong></span> <span class='ocrx_word' id='word_1_31' title='bbox 968 838 1130 900; x_wconf 65' lang='lat' dir='ltr'><strong>censens,</strong></span> 
     </span>
     <span class='ocr_line' id='line_1_6' title="bbox 112 921 1153 1052; baseline -0.001 -52"><span class='ocrx_word' id='word_1_32' title='bbox 112 933 289 1052; x_wconf 78' lang='lat' dir='ltr'><strong>imperium</strong></span> <span class='ocrx_word' id='word_1_33' title='bbox 310 921 496 1022; x_wconf 83' lang='lat' dir='ltr'><strong>Ninyadum</strong></span> <span class='ocrx_word' id='word_1_34' title='bbox 516 931 557 998; x_wconf 92' lang='lat' dir='ltr'><strong>ad</strong></span> <span class='ocrx_word' id='word_1_35' title='bbox 577 924 782 1006; x_wconf 66' lang='lat' dir='ltr'><strong>annums747</strong></span> <span class='ocrx_word' id='word_1_36' title='bbox 803 932 1022 998; x_wconf 88' lang='lat' dir='ltr'><strong>continuatum</strong></span> <span class='ocrx_word' id='word_1_37' title='bbox 1045 957 1110 1023; x_wconf 88' lang='lat' dir='ltr'><strong>pu·</strong></span> <span class='ocrx_word' id='word_1_38' title='bbox 1147 1004 1153 1010; x_wconf 59' lang='grc'>,</span> 
     </span>
    </p>
   </div>
   <div class='ocr_carea' id='block_1_3' title="bbox 13 1043 1108 1140">
    <p class='ocr_par' dir='ltr' id='par_1_3' title="bbox 13 1043 1108 1140">
     <span class='ocr_line' id='line_1_7' title="bbox 13 1043 1108 1140; baseline 0 -26"><span class='ocrx_word' id='word_1_39' title='bbox 13 1043 18 1048; x_wconf 57' lang='grc'><strong><em>’</em></strong></span> <span class='ocrx_word' id='word_1_40' title='bbox 114 1065 170 1116; x_wconf 87' lang='lat' dir='ltr'><strong>tat.</strong></span> <span class='ocrx_word' id='word_1_41' title='bbox 191 1043 488 1138; x_wconf 83' lang='lat' dir='ltr'><strong>Sardanapallus,</strong></span> <span class='ocrx_word' id='word_1_42' title='bbox 521 1047 647 1114; x_wconf 80' lang='lat' dir='ltr'><strong>Graecis</strong></span> <span class='ocrx_word' id='word_1_43' title='bbox 676 1063 961 1139; x_wconf 83' lang='lat' dir='ltr'><strong>commemoratus,</strong></span> <span class='ocrx_word' id='word_1_44' title='bbox 1001 1050 1108 1140; x_wconf 86' lang='lat' dir='ltr'><strong>itaque</strong></span> 
     </span>
    </p>
   </div>
   <div class='ocr_carea' id='block_1_4' title="bbox 80 1156 1106 1387">
    <p class='ocr_par' dir='ltr' id='par_1_4' title="bbox 80 1156 1106 1373">
     <span class='ocr_line' id='line_1_8' title="bbox 94 1156 1106 1266; baseline 0.002 -36"><span class='ocrx_word' id='word_1_45' title='bbox 94 1163 221 1266; x_wconf 43' lang='lat' dir='ltr'><strong>»medio</strong></span> <span class='ocrx_word' id='word_1_46' title='bbox 243 1156 375 1231; x_wconf 84' lang='lat' dir='ltr'><strong>seculo</strong></span> <span class='ocrx_word' id='word_1_47' title='bbox 375 1181 485 1232; x_wconf 77' lang='lat' dir='ltr'><strong>artavo</strong></span> <span class='ocrx_word' id='word_1_48' title='bbox 508 1181 690 1249; x_wconf 83' lang='lat' dir='ltr'><strong>regnasset,</strong></span> <span class='ocrx_word' id='word_1_49' title='bbox 724 1163 782 1230; x_wconf 85' lang='lat' dir='ltr'><strong>sed</strong></span> <span class='ocrx_word' id='word_1_50' title='bbox 798 1182 933 1254; x_wconf 85' lang='lat' dir='ltr'><strong>praeter</strong></span> <span class='ocrx_word' id='word_1_51' title='bbox 945 1187 999 1247; x_wconf 92' lang='lat' dir='ltr'><strong>ea,</strong></span> <span class='ocrx_word' id='word_1_52' title='bbox 1034 1188 1106 1257; x_wconf 86' lang='lat' dir='ltr'><strong>quae</strong></span> 
     </span>
     <span class='ocr_line' id='line_1_9' title="bbox 80 1277 1106 1387; baseline 0.001 -41"><span class='ocrx_word' id='word_1_53' title='bbox 80 1360 84 1365; x_wconf 85' lang='lat'>.</span> <span class='ocrx_word' id='word_1_54' title='bbox 110 1303 218 1372; x_wconf 87' lang='lat' dir='ltr'><strong>snpra</strong></span> <span class='ocrx_word' id='word_1_55' title='bbox 227 1278 302 1347; x_wconf 90' lang='lat' dir='ltr'><strong>de&#39;</strong></span> <span class='ocrx_word' id='word_1_56' title='bbox 292 1282 419 1366; x_wconf 81' lang='lat' dir='ltr'><strong>rgnavia</strong></span> <span class='ocrx_word' id='word_1_57' title='bbox 441 1304 572 1387; x_wconf 85' lang='lat' dir='ltr'><strong>eorum,</strong></span> <span class='ocrx_word' id='word_1_58' title='bbox 602 1281 659 1373; x_wconf 90' lang='lat' dir='ltr'><strong>qui</strong></span> <span class='ocrx_word' id='word_1_59' title='bbox 683 1277 947 1372; x_wconf 83' lang='lat' dir='ltr'><strong>Sardanapallum</strong></span> <span class='ocrx_word' id='word_1_60' title='bbox 964 1303 1106 1370; x_wconf 86' lang='lat' dir='ltr'><strong>praeces-</strong></span> 
     </span>
    </p>
   </div>
   <div class='ocr_carea' id='block_1_5' title="bbox 10 1393 1105 1490">
    <p class='ocr_par' dir='ltr' id='par_1_5' title="bbox 10 1393 1105 1490">
     <span class='ocr_line' id='line_1_10' title="bbox 10 1393 1105 1490; baseline 0.003 -28"><span class='ocrx_word' id='word_1_61' title='bbox 10 1393 17 1401; x_wconf 80' lang='grc'><strong>’</strong></span> <span class='ocrx_word' id='word_1_62' title='bbox 110 1414 232 1479; x_wconf 90' lang='lat' dir='ltr'><strong>serunt,</strong></span> <span class='ocrx_word' id='word_1_63' title='bbox 261 1400 462 1482; x_wconf 88' lang='lat' dir='ltr'><strong>monuimus,</strong></span> <span class='ocrx_word' id='word_1_64' title='bbox 492 1399 627 1466; x_wconf 91' lang='lat' dir='ltr'><strong>omnino</strong></span> <span class='ocrx_word' id='word_1_65' title='bbox 648 1397 817 1464; x_wconf 81' lang='lat' dir='ltr'><strong>arbitrario</strong></span> <span class='ocrx_word' id='word_1_66' title='bbox 840 1415 871 1463; x_wconf 88' lang='lat' dir='ltr'><strong>et</strong></span> <span class='ocrx_word' id='word_1_67' title='bbox 893 1414 1006 1473; x_wconf 77' lang='lat' dir='ltr'><strong>contra</strong></span> <span class='ocrx_word' id='word_1_68' title='bbox 1021 1419 1105 1490; x_wconf 88' lang='lat' dir='ltr'><strong>pro·</strong></span> 
     </span>
    </p>
   </div>
   <div class='ocr_carea' id='block_1_6' title="bbox 55 1510 1104 2195">
    <p class='ocr_par' dir='ltr' id='par_1_6' title="bbox 91 1510 1104 1720">
     <span class='ocr_line' id='line_1_11' title="bbox 91 1510 1104 1603; baseline 0.003 -26"><span class='ocrx_word' id='word_1_69' title='bbox 91 1510 310 1580; x_wconf 84' lang='lat' dir='ltr'><strong>-babilitatem</strong></span> <span class='ocrx_word' id='word_1_70' title='bbox 331 1513 523 1596; x_wconf 86' lang='lat' dir='ltr'><strong>affirmatur,</strong></span> <span class='ocrx_word' id='word_1_71' title='bbox 559 1517 718 1581; x_wconf 88' lang='lat' dir='ltr'><strong>Berosum</strong></span> <span class='ocrx_word' id='word_1_72' title='bbox 749 1511 925 1603; x_wconf 73' lang='lat' dir='ltr'><strong>dynastiam</strong></span> <span class='ocrx_word' id='word_1_73' title='bbox 954 1513 1104 1580; x_wconf 90' lang='lat' dir='ltr'><strong>aNabo-</strong></span> 
     </span>
     <span class='ocr_line' id='line_1_12' title="bbox 105 1622 1102 1737; baseline 0.001 -45.006"><span class='ocrx_word' id='word_1_74' title='bbox 105 1649 242 1737; x_wconf 79' lang='lat' dir='ltr'><strong>nassaro</strong></span> <span class='ocrx_word' id='word_1_75' title='bbox 259 1629 447 1712; x_wconf 82' lang='lat' dir='ltr'><strong>inchoasse,</strong></span> <span class='ocrx_word' id='word_1_76' title='bbox 482 1622 590 1735; x_wconf 86' lang='lat' dir='ltr'><strong>quum</strong></span> <span class='ocrx_word' id='word_1_77' title='bbox 613 1630 707 1695; x_wconf 87' lang='lat' dir='ltr'><strong>etiam</strong></span> <span class='ocrx_word' id='word_1_78' title='bbox 729 1644 804 1718; x_wconf 89' lang='lat' dir='ltr'><strong>post</strong></span> <span class='ocrx_word' id='word_1_79' title='bbox 828 1650 920 1708; x_wconf 88' lang='lat' dir='ltr'><strong>eum,</strong></span> <span class='ocrx_word' id='word_1_80' title='bbox 958 1629 1102 1694; x_wconf 82' lang='lat' dir='ltr'><strong>otiante</strong></span> 
     </span>
    </p>

    <p class='ocr_par' dir='ltr' id='par_1_7' title="bbox 66 1738 1103 1837">
     <span class='ocr_line' id='line_1_13' title="bbox 66 1738 1103 1837; baseline 0.001 -27"><span class='ocrx_word' id='word_1_81' title='bbox 66 1767 69 1771; x_wconf 70' lang='grc'>’</span> <span class='ocrx_word' id='word_1_82' title='bbox 108 1767 193 1828; x_wconf 82' lang='lat' dir='ltr'><strong>eum,</strong></span> <span class='ocrx_word' id='word_1_83' title='bbox 213 1770 265 1812; x_wconf 88' lang='lat' dir='ltr'><strong>res</strong></span> <span class='ocrx_word' id='word_1_84' title='bbox 278 1743 564 1837; x_wconf 77' lang='lat' dir='ltr'><strong>Babyloniorum</strong></span> <span class='ocrx_word' id='word_1_85' title='bbox 553 1762 639 1813; x_wconf 84' lang='lat' dir='ltr'><strong>anter</strong></span> <span class='ocrx_word' id='word_1_86' title='bbox 653 1741 843 1828; x_wconf 83' lang='lat' dir='ltr'><strong>libertatem</strong></span> <span class='ocrx_word' id='word_1_87' title='bbox 865 1759 898 1808; x_wconf 93' lang='lat' dir='ltr'><strong>et</strong></span> <span class='ocrx_word' id='word_1_88' title='bbox 914 1738 1103 1811; x_wconf 84' lang='lat' dir='ltr'><strong>servitutem</strong></span> 
     </span>
    </p>

    <p class='ocr_par' dir='ltr' id='par_1_8' title="bbox 106 1844 1102 1931">
     <span class='ocr_line' id='line_1_14' title="bbox 106 1844 1102 1931; baseline 0.001 -7"><span class='ocrx_word' id='word_1_89' title='bbox 106 1859 309 1928; x_wconf 87' lang='lat' dir='ltr'><strong>fluctuarent.</strong></span> <span class='ocrx_word' id='word_1_90' title='bbox 354 1849 474 1931; x_wconf 82' lang='lat' dir='ltr'><strong>Probat</strong></span> <span class='ocrx_word' id='word_1_91' title='bbox 503 1844 582 1928; x_wconf 87' lang='lat' dir='ltr'><strong>vero</strong></span> <span class='ocrx_word' id='word_1_92' title='bbox 612 1858 876 1931; x_wconf 84' lang='lat' dir='ltr'><strong>commemoratio</strong></span> <span class='ocrx_word' id='word_1_93' title='bbox 900 1855 999 1924; x_wconf 91' lang='lat' dir='ltr'><strong>Phuli</strong></span> <span class='ocrx_word' id='word_1_94' title='bbox 1028 1875 1102 1927; x_wconf 89' lang='lat' dir='ltr'><strong>tan-</strong></span> 
     </span>
    </p>

    <p class='ocr_par' dir='ltr' id='par_1_9' title="bbox 55 1974 1098 2195">
     <span class='ocr_line' id='line_1_15' title="bbox 107 1974 1098 2071; baseline 0.004 -31"><span class='ocrx_word' id='word_1_95' title='bbox 107 1997 204 2066; x_wconf 85' lang='lat' dir='ltr'><strong>quam</strong></span> <span class='ocrx_word' id='word_1_96' title='bbox 222 1991 302 2066; x_wconf 82' lang='lat' dir='ltr'><strong>post</strong></span> <span class='ocrx_word' id='word_1_97' title='bbox 327 2003 382 2045; x_wconf 87' lang='lat' dir='ltr'><strong>eos</strong></span> <span class='ocrx_word' id='word_1_98' title='bbox 401 1979 601 2063; x_wconf 67' lang='lat' dir='ltr'><strong>regnantis,</strong></span> <span class='ocrx_word' id='word_1_99' title='bbox 623 1980 726 2071; x_wconf 74' lang='lat' dir='ltr'><strong>finem</strong></span> <span class='ocrx_word' id='word_1_100' title='bbox 752 1975 891 2068; x_wconf 85' lang='lat' dir='ltr'><strong>imperio</strong></span> <span class='ocrx_word' id='word_1_101' title='bbox 913 1974 1098 2065; x_wconf 78' lang='lat' dir='ltr'><strong>Ninyadum</strong></span> 
     </span>
     <span class='ocr_line' id='line_1_16' title="bbox 55 2078 1028 2195; baseline -0.003 -34"><span class='ocrx_word' id='word_1_102' title='bbox 55 2136 57 2141; x_wconf 92' lang='lat'><em>-</em></span> <span class='ocrx_word' id='word_1_103' title='bbox 105 2092 170 2189; x_wconf 79' lang='lat' dir='ltr'><strong>iarn</strong></span> <span class='ocrx_word' id='word_1_104' title='bbox 191 2089 300 2164; x_wconf 89' lang='lat' dir='ltr'><strong>seculo</strong></span> <span class='ocrx_word' id='word_1_105' title='bbox 324 2117 414 2188; x_wconf 88' lang='lat' dir='ltr'><strong>nono</strong></span> <span class='ocrx_word' id='word_1_106' title='bbox 431 2093 485 2165; x_wconf 85' lang='lat' dir='ltr'><strong>rel</strong></span> <span class='ocrx_word' id='word_1_107' title='bbox 504 2090 597 2162; x_wconf 76' lang='lat' dir='ltr'><strong>brevi</strong></span> <span class='ocrx_word' id='word_1_108' title='bbox 618 2110 694 2189; x_wconf 81' lang='lat' dir='ltr'><strong>post</strong></span> <span class='ocrx_word' id='word_1_109' title='bbox 715 2078 833 2161; x_wconf 77' lang='lat' dir='ltr'><strong>sactum</strong></span> <span class='ocrx_word' id='word_1_110' title='bbox 854 2115 932 2160; x_wconf 88' lang='lat' dir='ltr'><strong>esse.</strong></span> <span class='ocrx_word' id='word_1_111' title='bbox 995 2145 998 2150; x_wconf 92' lang='lat'><em>.</em></span> <span class='ocrx_word' id='word_1_112' title='bbox 1024 2190 1028 2195; x_wconf 26' lang='grc' dir='ltr'>Ι</span> 
     </span>
    </p>
   </div>
   <div class='ocr_carea' id='block_1_7' title="bbox 368 2286 770 2392">
    <p class='ocr_par' dir='ltr' id='par_1_10' title="bbox 368 2278 770 2392">
     <span class='ocr_line' id='line_1_17' title="bbox 368 2286 770 2392; baseline -0.007 -34"><span class='ocrx_word' id='word_1_113' title='bbox 368 2367 386 2384; x_wconf 18' lang='lat' dir='ltr'><em>s</em></span> <span class='ocrx_word' id='word_1_114' title='bbox 423 2289 444 2376; x_wconf 62' lang='grc' dir='ltr'><strong>ἓ</strong></span> <span class='ocrx_word' id='word_1_115' title='bbox 464 2293 496 2354; x_wconf 84' lang='grc'>6</span> <span class='ocrx_word' id='word_1_116' title='bbox 551 2286 770 2392; x_wconf 73' lang='lat' dir='ltr'><strong>Contiaautt&#39;o.</strong></span> 
     </span>
    </p>
   </div>
   <div class='ocr_carea' id='block_1_8' title="bbox 23 2428 1188 3572">
    <p class='ocr_par' dir='ltr' id='par_1_11' title="bbox 23 2428 1188 3572">
     <span class='ocr_line' id='line_1_18' title="bbox 195 2428 1188 2528; baseline 0 -25"><span class='ocrx_word' id='word_1_117' title='bbox 195 2437 242 2504; x_wconf 87' lang='lat' dir='ltr'><strong>Ut</strong></span> <span class='ocrx_word' id='word_1_118' title='bbox 263 2428 325 2503; x_wconf 83' lang='lat' dir='ltr'><strong>ad</strong></span> <span class='ocrx_word' id='word_1_119' title='bbox 329 2437 567 2506; x_wconf 85' lang='lat' dir='ltr'><strong>accuratiorem</strong></span> <span class='ocrx_word' id='word_1_120' title='bbox 590 2439 816 2514; x_wconf 83' lang='lat' dir='ltr'><strong>definitionem</strong></span> <span class='ocrx_word' id='word_1_121' title='bbox 835 2439 1001 2528; x_wconf 84' lang='lat' dir='ltr'><strong>temporis,</strong></span> <span class='ocrx_word' id='word_1_122' title='bbox 1027 2459 1094 2528; x_wconf 84' lang='lat' dir='ltr'><strong>quo</strong></span> <span class='ocrx_word' id='word_1_123' title='bbox 1182 2512 1188 2517; x_wconf 18' lang='lat'>⁵</span> 
     </span>
     <span class='ocr_line' id='line_1_19' title="bbox 102 2538 1095 2658; baseline 0.008 -42"><span class='ocrx_word' id='word_1_124' title='bbox 102 2550 270 2642; x_wconf 78' lang='lat' dir='ltr'><strong>Ninyades</strong></span> <span class='ocrx_word' id='word_1_125' title='bbox 301 2553 385 2617; x_wconf 84' lang='lat' dir='ltr'><strong>Asiae</strong></span> <span class='ocrx_word' id='word_1_126' title='bbox 414 2555 579 2645; x_wconf 80' lang='lat' dir='ltr'><strong>superiori</strong></span> <span class='ocrx_word' id='word_1_127' title='bbox 608 2538 772 2657; x_wconf 80' lang='lat' dir='ltr'><strong>imperare</strong></span> <span class='ocrx_word' id='word_1_128' title='bbox 802 2555 975 2639; x_wconf 80' lang='lat' dir='ltr'><strong>desierint,</strong></span> <span class='ocrx_word' id='word_1_129' title='bbox 1014 2583 1095 2658; x_wconf 88' lang='lat' dir='ltr'><strong>per-</strong></span> 
     </span>
     <span class='ocr_line' id='line_1_20' title="bbox 56 2652 1094 2763; baseline 0.007 -31"><span class='ocrx_word' id='word_1_130' title='bbox 56 2728 58 2731; x_wconf 79' lang='grc'>,</span> <span class='ocrx_word' id='word_1_131' title='bbox 100 2666 273 2743; x_wconf 87' lang='lat' dir='ltr'><strong>veniatur,</strong></span> <span class='ocrx_word' id='word_1_132' title='bbox 303 2661 524 2730; x_wconf 89' lang='lat' dir='ltr'><strong>oonsulendus</strong></span> <span class='ocrx_word' id='word_1_133' title='bbox 553 2683 601 2732; x_wconf 89' lang='lat' dir='ltr'><strong>est</strong></span> <span class='ocrx_word' id='word_1_134' title='bbox 620 2652 833 2752; x_wconf 79' lang='lat' dir='ltr'><strong>Herodotus,</strong></span> <span class='ocrx_word' id='word_1_135' title='bbox 862 2695 977 2763; x_wconf 91' lang='lat' dir='ltr'><strong>aquo</strong></span> <span class='ocrx_word' id='word_1_136' title='bbox 992 2673 1018 2738; x_wconf 92' lang='lat' dir='ltr'><strong>si</strong></span> <span class='ocrx_word' id='word_1_137' title='bbox 1044 2673 1094 2740; x_wconf 87' lang='lat' dir='ltr'><strong>vel</strong></span> 
     </span>
     <span class='ocr_line' id='line_1_21' title="bbox 100 2776 1093 2874; baseline 0.009 -29"><span class='ocrx_word' id='word_1_138' title='bbox 100 2804 171 2848; x_wconf 90' lang='lat' dir='ltr'><strong>non</strong></span> <span class='ocrx_word' id='word_1_139' title='bbox 210 2776 350 2844; x_wconf 80' lang='lat' dir='ltr'><strong>multuui</strong></span> <span class='ocrx_word' id='word_1_140' title='bbox 390 2780 472 2845; x_wconf 84' lang='lat' dir='ltr'><strong>certi</strong></span> <span class='ocrx_word' id='word_1_141' title='bbox 508 2781 544 2846; x_wconf 87' lang='lat' dir='ltr'><strong>in</strong></span> <span class='ocrx_word' id='word_1_142' title='bbox 581 2781 671 2848; x_wconf 84' lang='lat' dir='ltr'><strong>hae</strong></span> <span class='ocrx_word' id='word_1_143' title='bbox 683 2804 728 2848; x_wconf 81' lang='grc' dir='ltr'><strong>ιιι</strong></span> <span class='ocrx_word' id='word_1_144' title='bbox 757 2786 826 2873; x_wconf 83' lang='lat' dir='ltr'><strong>peti</strong></span> <span class='ocrx_word' id='word_1_145' title='bbox 859 2787 984 2874; x_wconf 82' lang='lat' dir='ltr'><strong>possit,</strong></span> <span class='ocrx_word' id='word_1_146' title='bbox 1031 2787 1093 2855; x_wconf 89' lang='lat' dir='ltr'><strong>ali-</strong></span> 
     </span>
     <span class='ocr_line' id='line_1_22' title="bbox 100 2892 1123 2989; baseline 0.01 -28"><span class='ocrx_word' id='word_1_147' title='bbox 100 2896 182 2986; x_wconf 91' lang='lat' dir='ltr'><strong>quis</strong></span> <span class='ocrx_word' id='word_1_148' title='bbox 198 2911 307 2960; x_wconf 85' lang='lat' dir='ltr'><strong>tamen</strong></span> <span class='ocrx_word' id='word_1_149' title='bbox 326 2892 453 2962; x_wconf 86' lang='lat' dir='ltr'><strong>lructus</strong></span> <span class='ocrx_word' id='word_1_150' title='bbox 474 2897 537 2962; x_wconf 88' lang='lat' dir='ltr'><strong>erit</strong></span> <span class='ocrx_word' id='word_1_151' title='bbox 568 2918 608 2963; x_wconf 86' lang='lat' dir='ltr'><strong>ex</strong></span> <span class='ocrx_word' id='word_1_152' title='bbox 629 2893 777 2985; x_wconf 62' lang='lat' dir='ltr'><strong>diligenti</strong></span> <span class='ocrx_word' id='word_1_153' title='bbox 803 2896 1001 2979; x_wconf 83' lang='lat' dir='ltr'><strong>relationum</strong></span> <span class='ocrx_word' id='word_1_154' title='bbox 1023 2906 1092 2989; x_wconf 79' lang='lat' dir='ltr'><strong>ejus</strong></span> <span class='ocrx_word' id='word_1_155' title='bbox 1119 2899 1123 2903; x_wconf 66' lang='grc'>’</span> 
     </span>
     <span class='ocr_line' id='line_1_23' title="bbox 99 3008 1126 3109; baseline 0.01 -30"><span class='ocrx_word' id='word_1_156' title='bbox 99 3011 257 3079; x_wconf 80' lang='lat' dir='ltr'><strong>examine.</strong></span> <span class='ocrx_word' id='word_1_157' title='bbox 278 3008 457 3100; x_wconf 87' lang='lat' dir='ltr'><strong>-Quum</strong></span> <span class='ocrx_word' id='word_1_158' title='bbox 480 3011 632 3091; x_wconf 82' lang='lat' dir='ltr'><strong>annales,</strong></span> <span class='ocrx_word' id='word_1_159' title='bbox 662 3037 746 3105; x_wconf 85' lang='lat' dir='ltr'><strong>quos</strong></span> <span class='ocrx_word' id='word_1_160' title='bbox 769 3013 812 3109; x_wconf 72' lang='lat' dir='ltr'><strong>tle</strong></span> <span class='ocrx_word' id='word_1_161' title='bbox 831 3013 980 3109; x_wconf 77' lang='lat' dir='ltr'><strong>,Assyriis</strong></span> <span class='ocrx_word' id='word_1_162' title='bbox 1002 3023 1092 3106; x_wconf 83' lang='lat' dir='ltr'><strong>regi·</strong></span> <span class='ocrx_word' id='word_1_163' title='bbox 1120 3039 1126 3053; x_wconf 93' lang='lat'><em>&#39;</em></span> 
     </span>
     <span class='ocr_line' id='line_1_24' title="bbox 38 3119 1089 3229; baseline 0.011 -37"><span class='ocrx_word' id='word_1_164' title='bbox 38 3222 39 3227; x_wconf 8' lang='grc' dir='ltr'>γ</span> <span class='ocrx_word' id='word_1_165' title='bbox 98 3127 160 3193; x_wconf 84' lang='lat' dir='ltr'><strong>hus</strong></span> <span class='ocrx_word' id='word_1_166' title='bbox 177 3129 393 3219; x_wconf 81' lang='lat' dir='ltr'><strong>conscripsit,</strong></span> <span class='ocrx_word' id='word_1_167' title='bbox 407 3119 540 3196; x_wconf 80' lang='lat' dir='ltr'><strong>mature</strong></span> <span class='ocrx_word' id='word_1_168' title='bbox 550 3125 729 3198; x_wconf 90' lang='lat' dir='ltr'><strong>admodum</strong></span> <span class='ocrx_word' id='word_1_169' title='bbox 747 3133 919 3224; x_wconf 83' lang='lat' dir='ltr'><strong>perierint,</strong></span> <span class='ocrx_word' id='word_1_170' title='bbox 933 3160 994 3218; x_wconf 72' lang='lat' dir='ltr'><strong>aa,</strong></span> <span class='ocrx_word' id='word_1_171' title='bbox 1016 3158 1089 3229; x_wconf 78' lang='lat' dir='ltr'><strong>quae</strong></span> 
     </span>
     <span class='ocr_line' id='line_1_25' title="bbox 97 3241 1090 3339; baseline 0.013 -32"><span class='ocrx_word' id='word_1_172' title='bbox 97 3241 139 3308; x_wconf 91' lang='lat' dir='ltr'><strong>de</strong></span> <span class='ocrx_word' id='word_1_173' title='bbox 159 3242 266 3339; x_wconf 88' lang='lat' dir='ltr'><strong>Medis</strong></span> <span class='ocrx_word' id='word_1_174' title='bbox 289 3246 456 3313; x_wconf 79' lang='lat' dir='ltr'><strong>memorias</strong></span> <span class='ocrx_word' id='word_1_175' title='bbox 478 3244 639 3335; x_wconf 88' lang='lat' dir='ltr'><strong>prodidit,</strong></span> <span class='ocrx_word' id='word_1_176' title='bbox 664 3248 792 3315; x_wconf 86' lang='lat' dir='ltr'><strong>nobis</strong></span> <span class='ocrx_word' id='word_1_177' title='bbox 782 3273 816 3314; x_wconf 89' lang='lat' dir='ltr'><strong>m</strong></span> <span class='ocrx_word' id='word_1_178' title='bbox 838 3272 934 3318; x_wconf 90' lang='lat' dir='ltr'><strong>usum</strong></span> <span class='ocrx_word' id='word_1_179' title='bbox 957 3270 1090 3320; x_wconf 84' lang='lat' dir='ltr'><strong>verten-</strong></span> 
     </span>
     <span class='ocr_line' id='line_1_26' title="bbox 23 3345 1089 3470; baseline 0.008 -46"><span class='ocrx_word' id='word_1_180' title='bbox 23 3354 25 3358; x_wconf 64' lang='grc'><strong>’</strong></span> <span class='ocrx_word' id='word_1_181' title='bbox 97 3357 153 3425; x_wconf 92' lang='lat' dir='ltr'><strong>da</strong></span> <span class='ocrx_word' id='word_1_182' title='bbox 144 3374 245 3424; x_wconf 88' lang='lat' dir='ltr'><strong>sunt.</strong></span> <span class='ocrx_word' id='word_1_183' title='bbox 290 3357 488 3452; x_wconf 86' lang='lat' dir='ltr'><strong>Auspioatur</strong></span> <span class='ocrx_word' id='word_1_184' title='bbox 511 3363 734 3429; x_wconf 87' lang='lat' dir='ltr'><strong>narrationem</strong></span> <span class='ocrx_word' id='word_1_185' title='bbox 757 3362 797 3470; x_wconf 86' lang='lat' dir='ltr'><strong>de</strong></span> <span class='ocrx_word' id='word_1_186' title='bbox 814 3362 921 3468; x_wconf 82' lang='lat' dir='ltr'><strong>Medis</strong></span> <span class='ocrx_word' id='word_1_187' title='bbox 943 3392 961 3432; x_wconf 85' lang='lat' dir='ltr'><strong>a</strong></span> <span class='ocrx_word' id='word_1_188' title='bbox 985 3345 1089 3433; x_wconf 87' lang='lat' dir='ltr'><strong>libera</strong></span> 
     </span>
     <span class='ocr_line' id='line_1_27' title="bbox 95 3470 1088 3572; baseline 0.007 -32"><span class='ocrx_word' id='word_1_189' title='bbox 95 3495 209 3540; x_wconf 84' lang='lat' dir='ltr'><strong>rerum</strong></span> <span class='ocrx_word' id='word_1_190' title='bbox 226 3470 440 3558; x_wconf 85' lang='lat' dir='ltr'><strong>conditione,</strong></span> <span class='ocrx_word' id='word_1_191' title='bbox 472 3500 572 3568; x_wconf 89' lang='lat' dir='ltr'><strong>quam</strong></span> <span class='ocrx_word' id='word_1_192' title='bbox 594 3496 672 3569; x_wconf 86' lang='lat' dir='ltr'><strong>post</strong></span> <span class='ocrx_word' id='word_1_193' title='bbox 692 3504 844 3548; x_wconf 87' lang='lat' dir='ltr'><strong>occasum</strong></span> <span class='ocrx_word' id='word_1_194' title='bbox 867 3483 999 3572; x_wconf 85' lang='lat' dir='ltr'><strong>imperii</strong></span> <span class='ocrx_word' id='word_1_195' title='bbox 1022 3486 1088 3548; x_wconf 87' lang='lat' dir='ltr'><strong>As-</strong></span> 
     </span>
    </p>
   </div>
   <div class='ocr_carea' id='block_1_9' title="bbox 94 3589 1229 3698">
    <p class='ocr_par' dir='ltr' id='par_1_12' title="bbox 94 3589 1229 3698">
     <span class='ocr_line' id='line_1_28' title="bbox 94 3589 1229 3698; baseline 0.011 -46"><span class='ocrx_word' id='word_1_196' title='bbox 94 3589 279 3698; x_wconf 32' lang='lat' dir='ltr'><strong>spuriorum</strong></span> <span class='ocrx_word' id='word_1_197' title='bbox 291 3607 398 3657; x_wconf 79' lang='lat' dir='ltr'><strong>ortam</strong></span> <span class='ocrx_word' id='word_1_198' title='bbox 431 3615 500 3669; x_wconf 81' lang='lat' dir='ltr'><strong>esse</strong></span> <span class='ocrx_word' id='word_1_199' title='bbox 531 3593 651 3675; x_wconf 85' lang='lat' dir='ltr'><strong>tradit3</strong></span> <span class='ocrx_word' id='word_1_200' title='bbox 695 3596 853 3680; x_wconf 78' lang='lat' dir='ltr'><strong>Dsjocem</strong></span> <span class='ocrx_word' id='word_1_201' title='bbox 881 3613 950 3662; x_wconf 85' lang='grc' dir='ltr'>ιιιιιι</span> <span class='ocrx_word' id='word_1_202' title='bbox 977 3619 1086 3684; x_wconf 83' lang='lat' dir='ltr'><strong>regem</strong></span> <span class='ocrx_word' id='word_1_203' title='bbox 1132 3655 1135 3660; x_wconf 92' lang='lat'><em>.</em></span> <span class='ocrx_word' id='word_1_204' title='bbox 1228 3638 1229 3641; x_wconf 61' lang='lat'><em>=</em></span> 
     </span>
    </p>
   </div>
   <div class='ocr_carea' id='block_1_10' title="bbox 23 3690 1181 3928">
    <p class='ocr_par' dir='ltr' id='par_1_13' title="bbox 23 3690 1181 3915">
     <span class='ocr_line' id='line_1_29' title="bbox 24 3690 1181 3809; baseline 0.01 -40"><span class='ocrx_word' id='word_1_205' title='bbox 24 3699 27 3703; x_wconf 50' lang='grc'>“</span> <span class='ocrx_word' id='word_1_206' title='bbox 94 3690 216 3771; x_wconf 75' lang='lat' dir='ltr'><strong>laetum</strong></span> <span class='ocrx_word' id='word_1_207' title='bbox 249 3727 317 3771; x_wconf 87' lang='lat' dir='ltr'><strong>esse</strong></span> <span class='ocrx_word' id='word_1_208' title='bbox 347 3723 380 3772; x_wconf 86' lang='lat' dir='ltr'><strong>et</strong></span> <span class='ocrx_word' id='word_1_209' title='bbox 406 3707 484 3775; x_wconf 85' lang='lat' dir='ltr'><strong>solis</strong></span> <span class='ocrx_word' id='word_1_210' title='bbox 508 3708 838 3802; x_wconf 87' lang='lat' dir='ltr'><strong>Medis1mperasse.</strong></span> <span class='ocrx_word' id='word_1_211' title='bbox 908 3710 1086 3809; x_wconf 78' lang='lat' dir='ltr'><strong>Postquam</strong></span> <span class='ocrx_word' id='word_1_212' title='bbox 1178 3728 1181 3735; x_wconf 86' lang='lat'>&#39;</span> 
     </span>
     <span class='ocr_line' id='line_1_30' title="bbox 23 3819 1085 3928; baseline 0.007 -41"><span class='ocrx_word' id='word_1_213' title='bbox 23 3872 25 3876; x_wconf 68' lang='lat'><strong>,</strong></span> <span class='ocrx_word' id='word_1_214' title='bbox 93 3819 231 3889; x_wconf 71' lang='lat' dir='ltr'><strong>driade</strong></span> <span class='ocrx_word' id='word_1_215' title='bbox 227 3824 424 3928; x_wconf 73' lang='lat' dir='ltr'><strong>potentiam</strong></span> <span class='ocrx_word' id='word_1_216' title='bbox 425 3841 455 3890; x_wconf 85' lang='lat' dir='ltr'><strong>et</strong></span> <span class='ocrx_word' id='word_1_217' title='bbox 472 3823 535 3890; x_wconf 83' lang='lat' dir='ltr'><strong>lata</strong></span> <span class='ocrx_word' id='word_1_218' title='bbox 555 3826 734 3910; x_wconf 62' lang='lat' dir='ltr'><strong>thouis,</strong></span> <span class='ocrx_word' id='word_1_219' title='bbox 760 3826 915 3915; x_wconf 81' lang='lat' dir='ltr'><strong>Cyaxaris</strong></span> <span class='ocrx_word' id='word_1_220' title='bbox 935 3845 967 3896; x_wconf 85' lang='lat' dir='ltr'><strong>et</strong></span> <span class='ocrx_word' id='word_1_221' title='bbox 983 3824 1085 3922; x_wconf 66' lang='lat' dir='ltr'><strong>Asty-</strong></span> 
     </span>
    </p>
   </div>
   <div class='ocr_carea' id='block_1_11' title="bbox 0 0 1284 4538">
    <p class='ocr_par' dir='ltr' id='par_1_14' title="bbox 0 0 1284 4538">
     <span class='ocr_line' id='line_1_31' title="bbox 0 0 1284 4538; baseline 0 8"><span class='ocrx_word' id='word_1_222' title='bbox 0 0 1284 4538; x_wconf 95' lang='lat' dir='ltr'><strong> </strong></span> 
     </span>
    </p>
   </div>
  </div>
 </body>
</html>
