2558 4538
605 321 677 395 159

140 533 184 600 ad
212 528 291 596 fines
314 527 418 620 Syriae
442 498 648 621 persecutum
668 534 824 612 esse,¹¹)
865 528 955 597 nulls
978 531 1079 602 eladis
1100 539 1135 602 in

138 647 222 713 mari
251 648 353 714 rubro
383 646 552 719 mentione
580 645 679 724 secta3
719 644 756 712 id
785 668 866 714 tero
896 645 991 714 sseile
1024 650 1133 723 studio

139 761 295 846 debetur,
338 781 392 830 aut
423 761 605 833 confusioni
635 772 747 828 rerum
767 785 786 828 a
804 760 948 829 Sethone
962 781 1136 850 gestarunt.

137 916 182 932 -
201 867 425 972 Leprosorum
444 880 565 946 mentio
586 901 629 944 ne
650 877 815 961 offendet,
856 903 1043 965 monemus,
1083 880 1136 949 le·
1212 898 1227 953 “.

137 997 235 1089 pram
265 1013 417 1087 tanquam
447 990 631 1086 exemplum
660 990 855 1087 intpniittttis
878 999 1063 1081 nominari,
1102 1018 1137 1067 et
1225 1084 1229 1089 Ι

138 1110 233 1180 nullo
254 1129 350 1203 pacto
371 1109 526 1180 Manetho
548 1116 660 1180 omties
681 1109 831 1203 leprosos
855 1113 952 1181 fnisse
973 1113 1135 1202 dieit322)

139 1229 275 1297 morbus
306 1226 364 1294 ilie
402 1246 507 1296 antem
539 1227 692 1320 frequens
727 1231 813 1297 inter
840 1229 969 1298 Judaeos
1007 1256 1137 1326 semper

138 1344 221 1429 fnit3
253 1363 348 1438 atque
369 1361 515 1412 accurata
536 1345 683 1430 ejusdem
703 1348 864 1432 eognitio,
885 1371 984 1440 qunm
1003 1366 1136 1417 testatur

140 1461 220 1530 Lev.
250 1474 303 1537 13.
331 1471 392 1546 14,
436 1461 576 1553 probat,
615 1486 689 1528 enm
720 1465 787 1548 jsm
816 1481 944 1531 mature
965 1469 1052 1534 inter
1078 1491 1135 1536 eos

139 1597 317 1664 grassatum
344 1601 432 1661 esse,
478 1575 514 1644 id
538 1577 629 1669 qnod
652 1579 748 1646 etiam
768 1596 857 1670 petet
877 1578 1028 1671 exemplo
1046 1584 1136 1651 Mir-
1211 1568 1214 1575 ¹

137 1700 229 1781 jamae
236 1697 323 1762 Num
340 1705 392 1777 12,
416 1701 449 1769 4.
471 1709 523 1778 10,
547 1719 588 1760 ne
605 1693 686 1785 qnid
701 1693 807 1762 dicent
823 1696 866 1764 de
879 1693 1038 1762 miraculo
1046 1697 1137 1766 Mosi

140 1811 280 1880 edendo.
304 1809 412 1878 Exod.
442 1818 483 1893 4,
512 1821 544 1886 6.
576 1827 609 1886 7.
619 1817 673 1897 ²⁴)
727 1814 833 1880 Porro
864 1810 1002 1880 historia
1023 1818 1138 1883 Arta·
1212 1872 1215 1881 .

134 1933 242 2020 poni,
272 1929 390 1995 Jndaeis
413 1925 506 1995 nullo
524 1927 624 1996 modo
645 1929 760 1995 iniests
786 1927 943 2011 dicenda,
972 1931 1054 2011 fert,
1084 1926 1136 1995 le·

141 2070 235 2138 pram
258 2066 363 2115 ortam
385 2073 453 2115 esse
477 2048 512 2114 in
532 2047 693 2138 AEgypto,
727 2069 828 2136 quum
848 2045 953 2114 Jndaei
974 2047 1136 2132 ejiceren-

141 2169 270 2246 tur.²⁶)
301 2224 305 2237 ,
335 2166 382 2231 Et
403 2167 506 2232 victus
527 2182 696 2256 pastorum
718 2163 780 2230 snb
803 2160 897 2230 coelo
916 2165 1054 2256 AEgypti
1076 2161 1137 2229 sd-

140 2282 276 2347 modum
304 2277 431 2373 lepram
451 2305 647 2373 promovere
669 2281 787 2372 potnit.
805 2317 846 2334 -
866 2283 962 2349 Mens
984 2277 1138 2366 religioso

140 2397 280 2463 auctoris
316 2397 465 2479 Hebraei,
512 2423 614 2490 quum
650 2398 776 2481 insigne
811 2397 875 2462 Dei
909 2397 946 2464 in
983 2394 1137 2465 Israelitis

142 2510 318 2578 educendis
345 2512 541 2578 beneficium
564 2512 733 2595 hader-et,
774 2535 850 2577 eum
877 2510 997 2579 dooere
1017 2517 1138 2604 potuit,

144 2641 180 2689 ut
209 2625 246 2689 in
273 2622 343 2690 sols
372 2627 584 2716 oppressione
615 2651 729 2695 eornm
747 2627 953 2708 subsisteret,
998 2628 1138 2717 seposita

143 2742 309 2808 mentione
325 2742 545 2832 occupationis
567 2761 661 2810 terre
683 2765 744 2833 per
761 2742 862 2809 breve
881 2757 1008 2833 tempus
1014 2770 1026 2827 3
1057 2739 1140 2810 levis

142 3047 189 3110 ²²)
215 3045 372 3100 Clsaeremon
396 3045 474 3100 idem
492 3045 527 3100 de
545 3041 673 3098 Sethone
691 3039 754 3095 filio
773 3039 870 3097 refert.

142 3140 189 3206 ²⁸)
213 3135 245 3190 Si
262 3154 361 3192 omnes
378 3136 489 3192 morbis
505 3140 613 3206 impuri
630 3146 741 3202 essent,
775 3150 876 3203 pssum
893 3133 929 3188 sd
944 3132 1060 3211 labores,
1074 3134 1137 3189 ido-

212 3233 262 3283 nei
285 3229 422 3295 inissent,
461 3240 490 3283 et
506 3246 535 3299 p.
555 3235 628 3297 12oe
644 3226 804 3282 sacerdotes
821 3226 970 3281 seditionis
986 3229 1138 3296 participes

213 3332 243 3374 et
261 3322 368 3390 polluti
384 3322 609 3390 distingvuntur.

142 3412 190 3478 ²⁴)
214 3414 313 3484 Ioseph
338 3425 368 3467 et
385 3412 470 3468 LXX
493 3431 553 3466 non
576 3413 736 3480 leprosam,
770 3410 821 3464 ted
845 3409 1026 3467 solummodo
1044 3406 1139 3461 slbtstt

214 3520 330 3557 menum
346 3502 437 3556 Motis
457 3503 604 3556 dixerunt.

146 3594 194 3663 ²⁸)
215 3592 406 3664 Chenepbren
427 3609 481 3646 rex
502 3594 585 3661 leprd
607 3601 738 3644 mortum
765 3589 892 3656 dieitur,
927 3586 1008 3654 quod
1024 3584 1139 3639 Jndssos
1235 3645 1238 3650 ,

216 3691 383 3740 vestimenta
403 3683 486 3737 tanea
502 3682 645 3752 deponere
661 3685 805 3750 jussisset·
812 3677 899 3746 qnod
915 3687 1049 3733 casem
1067 3675 1141 3732 Che·

215 3777 413 3845 nephrenem
411 3774 526 3828 Judaeos
552 3787 682 3842 premere
709 3772 795 3838 dicit,
830 3784 870 3821 ex
893 3765 1062 3822 eoninsione
1080 3767 1140 3822 ise·

216 3879 278 3919 tntn
304 3876 452 3935 putamus,
488 3880 579 3933 qutun
598 3879 658 3916 non
674 3862 841 3915 distinxerit
857 3864 1070 3939 oppressionem
1087 3860 1139 3916 Jn·

217 3957 342 4010 daeorum
364 3953 401 4009 sb
423 3958 609 4026 oppressione
633 3952 851 4023 lssgyptiorutm
886 3967 972 4021 quant
987 3950 1141 4025 chephren

217 4051 356 4102 exercuit.
