2558 4538
636 273 706 348 183

177 467 339 574 acceptam
371 480 468 558 ferri,
505 481 602 560 (Eua.
631 459 844 572 PraepsVII,
877 487 916 550 6,
952 503 985 567 p·
1014 471 1099 559 3257)l
1125 495 1155 543 et
1196 510 1200 523 ·
1258 514 1262 520 ·

176 619 277 691 quum
296 601 374 666 haec*
388 597 554 666 distinctio
575 599 753 664 humanum
775 593 908 664 oculum
928 595 1044 680 lugiet,
1075 595 1154 661 sub·
1225 626 1228 631 ·

172 717 349 784 sistendum
370 732 419 782 eat
436 708 714 795 in'conclusione,
737 716 772 780 in
790 738 854 805 qna
865 709 962 779 Philo
985 714 1154 802 acquievit.

172 836 285 900 Missas
304 834 438 900 facimus
458 834 568 922 itaque
591 855 704 899 omnes
726 857 789 912 res,
811 854 884 923 quae
905 831 941 896 in
961 830 1051 898 Sinai
1077 826 1153 894 eve'-

119 930 122 941 .
171 932 267 1028 nere,
303 951 339 1016 i‹l
363 974 462 1017 unum
482 948 701 1035 indagandum
724 951 951 1040 suscipientes,
985 971 1025 1012 un
1045 947 1154 1014 Moses

171 1071 304 1134 nomine
331 1069 394 1133 Dei
423 1067 508 1152 leges
539 1069 768 1158 proposuerit,
801 1067 893 1157 quasi
910 1067 994 1131 vDeo
1029 1061 1152 1148 singula

113 1208 116 1224 ¹
170 1166 322 1251 dictante.
368 1185 585 1275 Quantumvia
607 1184 676 1251 lraec
701 1186 836 1276 quaestio
857 1182 1024 1274 superflua
1049 1179 1152 1247 videri
1249 1236 1251 1241 ,

136 1349 144 1368 .
169 1303 281 1395 possit,
304 1325 405 1394 quum
435 1316 491 1368 tot¹
512 1304 547 1366 in
576 1300 702 1386 legibus
731 1303 817 1377 Deus
848 1301 985 1393 loquens
1012 1297 1151 1364 induca-

168 1437 237 1499 tur‚·
259 1437 365 1488 tamen
388 1443 455 1486 non
478 1420 614 1494 omnino
637 1417 717 1485 levis
740 1417 890 1513 habenda
915 1435 982 1497 eat3
1004 1416 1151 1483 accidere

161 1512 253 1603 *enim
277 1537 403 1627 potuit,
427 1553 464 1600 ut
485 1536 554 1602 haee
575 1536 680 1602 forma
703 1532 920 1631 aeolleetore
943 1531 1049 1617 legum
1070 1536 1149 1599 Mo·
1223 1588 1227 1597 ,

121 1626 124 1635 ¹
167 1657 326 1723 saicarum
351 1670 383 1719 et
412 1651 600 1749 auctoribpa
633 1654 852 1719 recentiorum
874 1649 980 1736 legum
1003 1647 1151 1739 prolecta

167 1789 259 1838 esset.
319 1772 529 1860 Quamquam
560 1769 629 1834 {ieri
663 1771 796 1860 nequit,
829 1785 865 1834 ut
882 1765 974 1857 leges
1003 1768 1045 1831 ab
1076 1766 1148 1856 ipso
1243 1771 1246 1777 ‘

164 1890 256 1955 Mose
297 1888 455 1979 prolecta
487 1911 504 1952 a
531 1887 766 1954 recentioribus
799 1887 910 1955 stricte
947 1898 1148 1975 separentur,

112 2038 120 2047 *
165 2007 198 2070 in
231 1998 387 2090 decalogo
419 2014 530 2070 tamen*
557 2006 657 2087 magis
691 2027 789 2095 quam
813 2004 847 2068 iu
876 1999 940 2075 ullu
965 1998 1025 2065 alia
1055 2018 1148 2092 parte

165 2120 248 2207 leges
282 2123 466 2190 immediate
509 2147 526 2187 a
557 2126 650 2191 Mose
681 2119 845 2212 prolectas
875 2121 1041 2185 habemus.
1095 2115 1148 2184 Ad
1219 2198 1224 2209 ἱ

165 2263 290 2306 morem
319 2241 530 2335 antiquorum
565 2239 703 2331 lapideis
733 2236 848 2304 tabulis
883 2239 1171 2333 inscriptussest„

164 2374 196 2422 et
220 2332 446 2440 argumentum
474 2361 542 2441 ejus
569 2375 722 2447 tanquam
743 2357 878 2421 stamina
907 2355 1146 2421 constitutionis
1193 2332 1196 2337 Α

161 2473 314 2535 Mosaicae
333 2473 477 2537 omnium
499 2475 534 2536 iu
555 2497 612 2538 ore
631 2473 816 2539 ferebatur.,
849 2471 1035 2560 Propositio
1059 2456 1146 2552 ejusss

163 2584 249 2664 dem,
273 2610 345 2676 quae
368 2586 462 2652 nobis
479 2588 514 2650 in
536 2585 632 2652 Exod
655 2598 698 2658 20
717 2584 790 2650 data
814 2602 873 2663 est,
898 2609 965 2650 non
987 2611 1005 2651 a
1029 2587 1145 2650 tabulis

162 2701 325 2794 descripta
352 2702 492 2793 dicitur,
522 2700 579 2767 sed
606 2720 713 2769 tamen
735 2699 937 2769 credendum
966 2718 1030 2782 est,
1059 2702 1144 2768 hane

161 2819 416 2912 descriptionem
436 2820 588 2912 proxime
604 2805 752 2886 omnium
773 2817 815 2883 ad
834 2817 957 2885 tabulas
979 2819 1143 2913 accedere

161 2937 295 3024 Initium
326 2936 431 3024 legum
462 2938 544 3002 ab
533 2962 606 3028 ipso
604 2918 750 3002 Juliova
782 2922 938 3025 loquente
963 2918 1143 3026 repetitum
1188 2940 1206 3007 ἶ
1257 2963 1265 2983 ·

161 3076 176 3114 a
203 3053 271 3138 lege
292 3059 385 3122 tertia
406 3080 483 3124 vero
499 3057 603 3122 oratio
619 3032 779 3130 indirecta
791 3068 858 3133 est,
880 3053 1034 3135 jamvero
1050 3051 1143 3120 facile

161 3172 304 3252 cogitari
323 3190 448 3264 potest,
484 3173 573 3239 illam
607 3175 747 3237 formam
778 3171 933 3237 orationis
968 3173 1009 3238 ab
1036 3171 1142 3239 aliena

129 3324 131 3327 -
160 3310 258 3351 manu
281 3305 388 3355 ortam
416 3314 502 3369 esse,
543 3292 571 3353 si
605 3291 673 3353 haec
705 3287 777 3351 ab
766 3288 860 3354 mitio
886 3284 1103 3369 adfuerit,
1075 3315 1143 3357 non

161 3428 239 3469 vero
269 3405 349 3471 haec
374 3403 530 3497 explicari
551 3423 675 3496 potest,
705 3406 733 3471 si
755 3376 811 3470 illa
831 3429 893 3494 per
913 3423 1013 3472 totam
1038 3405 1142 3490 legem

159 3519 321 3587 adhibita
330 3522 452 3587 luisset.
505 3520 653 3599 Accedit,
676 3519 766 3610 quod
787 3522 892 3586 oratio
915 3521 949 3585 in
971 3518 1141 3612 praeceptis

158 3637 274 3724 primis
296 3614 457 3729 prolixior
480 3654 545 3718 est,
585 3660 684 3727 quam
709 3639 742 3701 in
771 3634 896 3719 legibus
916 3636 1142 3706 fundamenta·
1177 3613 1180 3617 ,

113 3774 118 3787 ¹
156 3751 243 3818 libus
270 3778 337 3821 esse
371 3754 464 3823 solet
511 3756 624 3843 Quare
655 3753 791 3820 dubium
821 3752 933 3820 saltem
964 3754 1140 3822 dicendum

157 3887 222 3949 cst,
256 3896 297 3939 an
325 3876 432 3956 Moses
461 3899 582 3944 nomeu
612 3875 673 3941 Dei
698 3856 820 3959 legibus
853 3873 917 3940 suis
948 3871 1136 3963 praefixerit,
