2558 4538
659 266 740 377 ⁸⁹⁶..

218 448 403 572 saniusque
423 476 536 578 Judaei
551 494 620 554 non
640 475 757 558 majori
780 479 853 561 jure
872 466 948 554 eum
969 490 1066 570 suum
1092 475 1216 566 appel·
1232 530 1235 535 .

218 599 299 664 lant.
333 594 408 680 „Sed
432 591 610 661 tenendum
629 609 694 674 est,
717 591 837 680 saepius
862 589 1028 665 contraria
1049 590 1092 685 ds
1116 613 1215 663 cama

218 713 310 795 fieri,
334 729 371 778 ut
393 735 477 778 unus
498 710 585 776 inter
607 705 718 798 piures
738 686 884 797 populos
906 703 1103 773 celebretur.
1142 711 1214 774 Ac-

218 827 299 896 cidit
317 829 405 894 enim
422 849 519 916 saepe,
544 842 581 891 ut
594 824 635 889 ab
648 846 714 901 uno
730 820 858 936 populo
876 821 918 888 ad
940 838 1076 890 caeteros
1088 845 1213 891 nomen

120 935 123 939 ⁴
221 945 283 1011 viri
306 946 504 1021 manaverit,
543 941 600 1043 qui
627 955 714 1019 tum,
736 930 846 1004 fama
854 953 1013 1029 accepta,
1045 939 1157 1005 virum
1182 955 1220 1006 et·

188 1110 199 1117 .,
219 1061 273 1124 ¹res
294 1073 398 1141 gestas
427 1057 557 1124 ciiitate
577 1056 665 1121 inter
690 1079 725 1122 se
746 1050 912 1122 donarint.
946 1039 1212 1144 Dispieiendum

222 1176 333 1273 itaque
355 1189 415 1252 est,
436 1189 512 1257 utro
528 1188 626 1262 pacto
647 1169 767 1264 iactum
790 1172 842 1252 sit,
864 1187 901 1268 ut
919 1170 1043 1236 mentio
1066 1169 1213 1254 ejusdem

221 1289 284 1355 viri
310 1290 396 1353 inter
428 1303 477 1355 tot
486 1282 650 1378 populos
677 1287 872 1378 reperiatur.
915 1278 1064 1376 Quem
1053 1308 1088 1349 ιιι
1113 1285 1212 1352 fiuent

163 1411 164 1414 ’
222 1389 286 1468 tarn
310 1403 418 1493 ipsum
437 1401 483 1482 id,
508 1401 599 1494 quod
624 1405 744 1484 serunt,
766 1425 865 1493 quarn
887 1418 1035 1494 tempus,
1058 1423 1131 1490 quo
1150 1400 1211 1467 be·

133 1560 137 1567 -
221 1543 278 1586 ros
306 1519 422 1586 vixisse
453 1516 591 1604 dicitur,
622 1516 894 1586 considerandum
924 1534 982 1584 est.
1034 1510 1092 1582 Sic
1122 1512 1211 1605 quod

172 1611 174 1618 Ι
222 1634 264 1703 ad
284 1645 429 1703 nostram
455 1657 525 1700 rem
556 1635 688 1715 attinet,
720 1640 828 1724 patet,
854 1634 1050 1726 peregrinos
1068 1620 1229 1724 populos

110 1745 113 1750 ’
222 1751 278 1815 aut
307 1735 466 1817 aJudaeis
489 1773 610 1817 nomen
637 1749 816 1816 Abrahami
845 1749 1027 1839 accepisse,
1058 1763 1116 1813 aut
1148 1746 1212 1813 suis
1261 1781 1265 1791 ·

222 1864 452 1937 traditionibus
471 1865 633 1951 judaicam
651 1864 858 1932 confirmare.
900 1863 1038 1929 Etenim·
1050 1863 1119 1946 jam
1137 1884 1212 1930 tuo-

222 1981 327 2043 niturn
355 1993 421 2058 est,
451 2002 551 2069 quam
581 1978 693 2069 inepte
723 1961 846 2046 mentio
871 1979 1050 2079 Abraharni
1083 1976 1213 2045 annali·

221 2093 293 2158 bus·
312 2091 520 2182 Babylonicis
548 2095 669 2166 inserta
706 2095 828 2184 sit1(p.
856 2091 932 2174 83);
967 2083 1095 2161 Arabes
1124 2091 1214 2163 haud

221 2194 357 2274 'inficias⁴
381 2225 480 2289 eunt,
518 2192 743 2276 Abrahamunr
780 2209 987 2297 conditorem
1011 2208 1213 2294 ‚Judaoruar
1249 2202 1254 2209 ⁹

222 2347 292 2411 esse
314 2339 347 2390 et
363 2325 399 2388 in
413 2321 583 2390 Palaestina
602 2325 729 2391 vixisse.
768 2325 949 2403 Phoenices
972 2327 1214 2394 etDamasceui

222 2437 301 2504 soli
313 2464 353 2526 ex
380 2440 517 2530 propria
547 2441 752 2531 experientia
778 2439 843 2507 fata
874 2437 1055 2507 Abrahami
1085 2465 1215 2527 cogno-

166 2592 174 2604 -·
222 2554 305 2620 visse
329 2553 501 2636 videntur,
533 2554 590 2622 sed
614 2578 715 2669 quum
737 2558 833 2623 etiam
854 2554 1034 2623 secundum
1059 2555 1216 2625 traditio·
1261 2630 1264 2635 ,

117 2684 120 2689 “
221 2692 297 2769 nean
327 2670 553 2738 Judaeorum
543 2688 630 2761 inter
654 2697 716 2740 eos
739 2673 873 2752 vixerit,
912 2671 991 2738 hinc
1021 2672 1104 2738 fides
1138 2672 1217 2739 huic

222 2783 366 2878 accedit,
402 2790 586 2878 praesertim
613 2787 752 2880 q'uod
742 2789 806 2879 ipsi
841 2788 1034 2863 Damasceni
1068 2787 1217 2868 tradunt,

221 2922 295 2966 enm
318 2916 443 2969 tantum
457 2906 492 2970 in
505 2894 623 2973 itinere
640 2903 728 2996 apud
740 2929 779 2985 ,se
802 2918 965 2970 moratum
983 2927 1064 2971 esse.
1098 2904 1217 2994 Quem

211 3014 401 3102 ‘admodum
423 3021 533 3110 itaque
551 2998 695 3109 plurium
719 3021 862 3104 gentium
882 3021 915 3084 in
935 3016 1127 3097 Abrabamb
1152 3043 1218 3088 no-

221 3128 377 3196 minando
402 3135 575 3198 consensio
604 3126 678 3201 non¹
695 3128 834 3217 flagitat,
874 3152 909 3201 ut
929 3135 1015 3200 inter
1037 3158 1094 3203 eos
1117 3134 1219 3202 fuisse

221 3258 366 3330 putetur,
390 3246 447 3334 qui
472 3248 581 3337 primo
603 3250 696 3316 initio
716 3273 828 3316 rerum
849 3249 1008 3330 vixerint,
1039 3251 1086 3317 sic
1105 3275 1219 3343 neque

162 3386 165 3393 ·
220 3374 358 3447 propter
383 3377 519 3450 ternpus,
533 3354 634 3453 'quod
655 3367 686 3431 ei
707 3366 874 3445 tribuitur,
899 3366 934 3431 id
955 3382 1097 3434 statuere
1116 3365 1239 3449 iicet..

222 3473 333 3562 Quum
356 3471 483 3550 Arabes
507 3470 739 3547 et'Pbocnices
767 3503 829 3545 nec
851 3488 983 3570 'ternpus
1011 3484 1104 3547 ce'rto
1127 3481 1217 3547 defi·

219 3591 328 3673 niant,
356 3610 472 3684 utpote
491 3595 559 3685 ,qui
583 3593 797 3681 chronologia
828 3618 939 3661 rerum
969 3612 1033 3685 tam
1057 3595 1217 3686 antiqua-

220 3727 295 3771 rum
315 3724 462 3788 careant,
484 3731 546 3775 nec
563 3709 637 3775 talia
650 3709 1041 3790 deAbrahatnoierant,
1061 3712 1219 3801 equibus

219 3818 346 3887 indoles
369 3802 526 3914 temporis
552 3827 620 3907 ejus
644 3825 716 3901 erui
738 3828 853 3915 possit,
878 3825 982 3892 Judaei
1002 3824 1066 3892 soli
1088 3843 1123 3892 et
1143 3829 1216 3892 Da-

219 3938 359 4002 masceni
383 3936 576 4006 consulendi
595 3955 688 4018 sunt3
712 3936 762 4006 illi
786 3954 934 4037 tempora
956 3957 1164 4034 computant,
1183 3956 1216 4006 et
