2558 4538
491 352 494 359 ·
562 308 633 381 lta

59 511 68 517 ”
96 519 268 612 Nusquam
291 533 370 582 vero
396 515 428 579 in
453 510 624 582 annalibus
650 513 784 607 AEgypti
817 519 884 584 duo
915 521 1092 592 inveniun-
1157 548 1160 554 ’

17 670 19 675 v
97 652 151 701 tur
172 655 286 717 reges,
318 654 461 723 quorum
490 634 624 699 uomina
649 634 698 703 sic
722 657 798 699 cum
831 635 881 701 bis
905 641 1092 706 nominibus

95 749 137 814 ab
160 747 334 821 Herodoto
347 764 387 813 -et
411 747 563 816 Diodoro
589 743 696 815 allatis
719 751 928 839 conspirent,
961 755 1023 818 nisi
1056 759 1092 823 iu

95 865 192 930 unica
220 855 298 966 ¹¹⁸9
317 861 484 952 dynastiu3
524 881 556 929 et
585 889 654 932 nou
684 866 898 964 aiuelmagna
931 870 964 934 vi
995 871 1092 938 nobis

39 1069 43 1078 .
94 1004 165 1048 esse
188 979 307 1056 debet,
341 978 434 1069 quod
465 979 498 1044 bi
531 981 593 1046 viri
622 997 773 1049 accurate
794 981 905 1048 seculo
927 999 960 1048 et
984 986 1092 1050 minua

76 1113 171 1189 nante·
192 1118 278 1174 eum,
299 1097 356 1184 qui
379 1097 537 1162 Hebraeos
557 1096 681 1176 afflixit,
706 1121 856 1181 regnasse
878 1096 1044 1166 dicuntur.

184 1207 268 1297 Quae
287 1232 394 1300 quum.
407 1210 452 1276 ita
467 1211 542 1293 sint,
561 1235 628 1277 non
651 1211 841 1289 dubitamus,
862 1210 1006 1280 seculum
1027 1214 1092 1281 hoe

94 1325 291 1407 afflictionis,
314 1328 453 1418 pastoris
473 1307 613 1410 dictum,
638 1349 711 1392 eum
729 1329 935 1419 ⁴temporibus
956 1331 1090 1424 Josephi
1153 1357 1157 1363 ·

95 1436 318 1533 proximisque
347 1458 423 1534 post
452 1465 527 1506 eum
554 1441 718 1510 conferre.
772 1448 823 1510 De
851 1448 966 1530 majori
995 1448 1089 1516 inva-

94 1558 186 1623 sione
209 1558 396 1640 Pastorum,
430 1558 489 1647 qui
511 1555 640 1645 Hyksos
663 1556 831 1641 dicuntur,
867 1563 1006 1645 cogitari
1027 1586 1089 1628 ne-

94 1674 183 1764 quit,
219 1690 251 1738 et
273 1690 411 1764 propter
437 1673 629 1739 brevitatem
649 1675 831 1764 temporis,
860 1655 1005 1764 {Hykaos
1029 1700 1091 1767 per.

95 1769 196 1856 anuos
217 1786 287 1866 '511
322 1789 535 1880 imperabant)
559 1805 603 1855 et
634 1789 709 1879 quia
739 1805 806 1856 tota
833 1792 993 1880 AEgyptus
1025 1780 1089 1884 op-

37 1929 40 1933 ’
94 1930 204 1998 pressa
232 1905 369 1986 dicitur,
413 1923 445 1972 et
474 1903 615 2001 denique
643 1905 719 1994 quia
740 1907 873 1972 nomina
893 1905 1013 1972 horum
1033 1932 1091 1973 re«
1161 1990 1163 1994 .

77 2046 169 2108 ,gum
208 2024 244 2087 in
264 2019 427 2106 ¹catalogo
456 2003 662 2117 Manethouis
693 2035 759 2099 200
788 2045 890 2089 annos
918 2021 986 2089 sere
1014 2041 1090 2114 post

65 2140 295 2224 'ejectionem'
323 2155 490 2228 pastorum
529 2135 659 2226 Hyksos
695 2135 952 2220 collocantur.³)
1022 2139 1089 2210 Sed

93 2251 308 2349 'chronologia
343 2256 438 2347 etiam
471 2254 567 2320 uobis
600 2251 738 2320 multum
768 2240 994 2346 impedimenti
1024 2257 1088 2322 ob-

11 2441 14 2445 ,
93 2372 173 2455 jicit.
216 2368 401 2438 Herodotus
420 2370 509 2435 enim
532 2388 564 2436 et
583 2362 750 2437 Diodorus
773 2371 834 2437 hos
858 2392 949 2456 reges
971 2373 1007 2436 iu
1029 2396 1089 2438 or-

94 2485 171 2550 dine
194 2507 308 2568 regum
334 2486 381 2550 sic
405 2503 602 2574 posuerunt,
646 2502 683 2552 ut
703 2485 743 2551 ad
761 2484 906 2551 seculum
927 2485 1090 2552 decimum

66 2653 67 2656 ,
94 2597 148 2666 vel
177 2622 300 2665 nonum
322 2625 350 2667 a.
372 2599 455 2669 Chr.
483 2623 538 2664 eos
559 2599 683 2664 reterre
705 2599 887 2669 videantur.
934 2600 1090 2667 Herodo-

95 2734 145 2782 tus
167 2714 337 2806 Cheopem
358 2712 480 2781 scilieet
500 2713 642 2780 secundo
664 2711 738 2780 loco
760 2714 802 2779 ab
827 2738 885 2795 eo,
922 2715 977 2803 qui
998 2713 1088 2783 bello
1176 2738 1178 2744 ·

10 2903 37 2919 „
95 2830 225 2916 trojano
252 2854 379 2928 coaerns
407 2848 495 2912 erat,
527 2825 717 2913 collocavit,
755 2828 986 2919 thphrenem
1009 2852 1088 2896 vero

93 2946 271 3014 secuudum
288 2966 365 3040 'ante
394 2948 593 3045 iurasiouem
615 2943 809 3036 AEthiopum
839 2953 982 3026 (a.;725)
1011 2967 1089 3029 reg·
1132 2944 1139 2951 ”

94 3065 303 3149 nasseydicit3
338 3082 371 3130 et
391 3046 558 3130 Diodorus
580 3085 654 3126 eum
681 3066 805 3134 secutus
827 3058 885 3128 est.
939 3060 1004 3128 Sed
1022 3083 1088 3153 pro

93 3183 156 3265 eis,
174 3204 246 3272 quae
269 3180 310 3246 de
334 3177 546 3263 'chronologia
567 3176 730 3246 Herodoti
750 3180 787 3243 in
805 3177 936 3262 regibus
956 3180 1086 3270 AEgyp-
1121 3170 1124 3175 ’
1193 3167 1196 3171 ’

92 3298 181 3362 tiaris
206 3295 432 3363 enumerandis
458 3297 655 3376 monuimus,
679 3298 791 3381 (§14)
818 3278 886 3361 non
909 3291 1002 3360 multi
1031 3294 1086 3365 iuss

15 3494 24 3501 .
93 3429 207 3496 terent,
251 3414 287 3479 iu
313 3393 381 3505 quo
402 3411 478 3480 loco
505 3437 598 3499 reges
621 3413 847 3504 reperiantur3
894 3409 1089 3500 plusquam

92 3552 155 3619 una
177 3530 268 3596 ratio⁴
281 3528 484 3597 Herodotum
504 3552 636 3597 movere
659 3527 783 3619 potuit,
810 3543 847 3606 ut
868 3545 978 3607 reges,
1002 3514 1088 3606 auti·
1168 3608 1176 3619 Ι

55 3684 58 3691 -
92 3643 338 3736 quiorea'licet,
370 3662 444 3737 post
462 3646 634 3730 Proteum,
669 3643 709 3710 ad
733 3663 830 3732 quem
849 3637 941 3705 Paris
961 3635 1087 3725 venisse

93 3758 275 3841 dicebatur,
321 3777 598 3846 commemoraret.
662 3759 797 3824 Graecus
823 3751 944 3819 etenim
961 3751 1086 3834 vgraecis
1121 3766 1125 3771 ’
1177 3794 1181 3801 κ

110 3926 143 3991 ²)
165 3923 348 3988 Tuthmosis‚
385 3927 437 3992 qui
460 3922 527 3980 illos
545 3925 647 3993 ejecit,
671 3935 760 3975 anuos
776 3923 830 3979 212
852 3881 918 3972 ³th
935 3912 1088 3971 Chembem

163 4015 304 4084 regnarit.
340 4018 397 4069 Jos.
415 4013 516 4086 e.·Ap.
536 4019 623 4087 1,15.
657 4015 725 4097 Eur.
741 4014 775 4065 iu
792 4012 875 4081 Syrte.
895 4026 922 4078 p·
941 4013 987 4072 72.
