2558 4538
294 1170 344 1214 '‘
436 1145 926 1291 Prepaeumoq

333 1453 362 1561 Ι.Ι
416 1487 542 1586 Opera
564 1487 784 1560 Graecorum
809 1485 857 1559 de
880 1485 1055 1589 tudem
1098 1518 1120 1568 ·.

141 1709 147 1716 ,
168 1701 170 1707 .
230 1641 301 1725 §2
345 1636 398 1703 De
416 1657 478 1716 utu
500 1636 678 1714 librorum,'
692 1642 751 1722 que·
770 1637 811 1700 eie
824 1635 952 1701 Judoea
978 1637 1019 1702 ab
1041 1646 1133 1705 exte·

295 1762 343 1819 rie
365 1759 544 1839 contempte·
555 1761 649 1831 aum,
673 1772 844 1838 eorumque
868 1763 1068 1840 compectua.

99 1950 104 1958 ‘
184 1870 240 2002 Si
269 1935 411 2021 origines
437 1933 556 2028 'populi
585 1934 709 2002 iudaici
737 1934 778 2002 ad
809 1960 862 2020 ea,
906 1960 978 2030 quae
1010 1937 1050 2004 ab
1068 1964 1073 1978 ··
1089 1954 1179 2004 exte-

184 2057 230 2121 ris
252 2051 439 2136 traduntur,
484 2054 664 2131 examinare
686 2050 809 2145 placet,
843 2045 1016 2124 relationes
1041 2051 1181 2147 duplicis

185 2171 312 2256 generis
334 2192 401 2235 esse
423 2167 608 2241 videntur„
655 2169 832 2244 Aut-enim
854 2169 933 2259 libri
957 2170 1178 2249 consuluntur,
1229 2194 1233 2198 ·

184 2289 241 2380 qui
268 2310 320 2352 res
331 2284 528 2371 Judaebrnm
556 2301 722 2379 partemve
747 2310 857 2353 earum
878 2288 950 2356 deta
954 2312 1072 2381 opere
1092 2306 1179 2357 trac-

124 2444 136 2454 ·
183 2383 288 2487 iant,
311 2423 364 2471 eut
379 2402 515 2472 annales
538 2404 682 2497 gentium
705 2404 885 2472 vicinarum
906 2390 1098 2515 lustrantur,
1143 2423 1179 2474 ut

159 2523 304 2610 'mentio
329 2544 440 2588 rerum
458 2520 693 2605 iudaicerum
683 2544 719 2585 m
743 2521 789 2586 eis
813 2516 1004 2615 reperietur.
1049 2520 1177 2609 Quam-

100 2638 106 2671 ³
183 2662 280 2730 quam
308 2636 396 2704 illius
425 2640 552 2732 generis
581 2640 751 2728 quondam
769 2634 904 2730 plurimi
923 2640 1111 2706 exstiterunt
1133 2635 1178 2703 h

181 2756 252 2838 bri,
295 2773 418 2838 tamen,
453 2756 484 2821 si·
504 2752 558 2822 vel
574 2752 938 2850 conservatisuissents
953 2778 1021 2821 non
1039 2751 1179 2849 multum

181 2853 275 2963 usum
297 2866 519 2963 praebuissent.
540 2890 547 2905 ⁴
569 2875 601 2941 A
624 2869 749 2939 Graecis
771 2872 860 2936 enim
882 2871 1052 2960 compositi
1076 2889 1177 2953 erent,

181 3005 213 3083 ct
234 2989 316 3053 ratio
336 2979 569 3054 historicorum
591 2989 783 3056 Geaecorum
790 3037 803 3067 ‚
824 2986 852 3054 si
875 2982 977 3050 aliena
994 2966 1178 3067 narrabant,

105 3128 133 3163 ⁴·
180 3120 310 3194 partem
339 3099 482 3170 utilitatis
513 3101 609 3170 tollit.
635 3160 638 3167 .
680 3105 813 3170 Etenim
844 3100 993 3194 exemplo
1016 3080 1176 3170 Herodoti

79 3292 81 3297 ⁴
182 3238 214 3286 et
244 3216 385 3286 Diodori
420 3237 562 3300 constet,
608 3221 743 3288 Graecos
778 3239 905 3288 secutos
946 3244 1014 3287 csse
1048 3240 1176 3287 morem
1230 3266 1237 3274 -

72 3386 79 3397 x
180 3358 295 3429 perse
316 3337 389 3404 satis
407 3334 621 3419 laudandum,
669 3361 734 3428 quo
755 3337 927 3406 historiam
951 3338 1054 3423 gentis
1071 3334 1174 3402 alicu-

171 3455 233 3549 ¹jus
259 3455 412 3546 scripturi
443 3455 479 3520 in
502 3455 642 3549 patriam
664 3452 809 3538 ejusdem
831 3478 866 3521 se
888 3453 1094 3536 conferrent,
1139 3472 1176 3519 ut
1257 3462 1260 3467 ’

179 3562 227 3639 ih'i
252 3568 430 3652 discerent,
475 3569 556 3661 quid
591 3591 791 3661 unaqueque
817 3593 895 3655 gens
930 3568 971 3635 de
1000 3571 1066 3637 suis
1102 3567 1175 3638 satis

179 3684 376 3753 narrandum
402 3685 564 3768 habeiet3
590 3682 788 3769 negligentes
823 3686 950 3769 omnia,
1001 3710 1086 3778 quae
1112 3710 1174 3780 per

155 3772 313 3875 eandem
342 3801 383 3869 de
414 3803 497 3897 eis,
517 3800 709 3892 quibuscum
734 3804 966 3869 commercium
995 3804 1026 3869 ei
1057 3803 1174 3888 iuerat,

22 3928 25 3931 ’
90 3976 92 3980 .
138 3921 362 4023 comperire
384 3921 574 4010 potuissent.
631 3915 780 4006 Quaene
804 3921 1020 4014 accipiebant,
1056 3917 1176 3986 deinde
1230 3923 1233 3926 ’

179 4037 248 4099 sine
279 4036 421 4103 examine
453 4053 483 4100 et
513 4037 585 4102 sine
615 4033 787 4105 collatione
818 4059 892 4104 cum
921 4036 1058 4148 historia
1090 4034 1174 4101 alio-
