2558 4538
605 275 675 349 173

148 505 217 548 sem
240 480 401 574 sapientise
421 481 624 567 sacerdotum
644 481 731 550 haud
752 484 937 576 imperitum
959 482 1131 555 suisseaut

78 613 80 616 ’
137 601 242 703 ¹sociis
261 623 355 689 usum
377 622 445 665 esse
463 598 606 684 ejusdem
628 602 772 696 peritis·
822 601 892 668 Jam
914 624 993 669 vero
1012 603 1133 672 Mune-¹

104 782 107 787 ⁴
146 717 214 802 tho.
222 714 434 809 Osarsiphum
457 717 654 785 sacerdotem
675 717 876 811 adimpuros
891 720 1050 786 transiisse
1072 710 1153 788 re·-¹

83 864 89 875 ι
145 834 225 918 sert,
265 851 297 900 et
331 831 411 900 alius
441 851 551 902 auctor
575 835 803 930 Putesiphum,⁴
842 826 1126 928 ἱερὸγραιιματέιι,
1209 838 1211 843 ’

144 953 249 1035 Mosi,
278 952 335 1043 qui
355 948 575 1045 γραμματεύς
594 954 732 1040 dicitur,
755 952 982 1040 adjungit340)
1014 978 1127 1046 quare,

113 1070 275 1153 nescio,-
316 1093 357 1135 an
385 1071 456 1156 jure
485 1067 691 1158 colligamus,
733 1060 935 1146 sacerdotem
967 1069 1127 1163 quendam
1234 1100 1238 1107 ·

140 1187 229 1254 Mosi
248 1186 395 1254 adfuisse.
436 1187 562 1278 Quodsi
583 1208 784 1282 reputamus,
805 1194 945 1260 Mosem
952 1190 1126 1282 profugum
1185 1274 1191 1282 '

145 1303 186 1371 ad
207 1304 406 1376 sacerdotem
419 1310 549 1393 abiisse,
569 1305 671 1374 filiam
693 1311 760 1394 ejus
779 1306 923 1389 duxisse,
947 1305 1033 1399 apud
1052 1331 1127 1375 eum

144 1420 319 1497 consilium
341 1451 433 1494 suum
456 1449 607 1516 magnum
628 1424 833 1516 concepisse3
874 1424 902 1489 si
929 1441 1124 1514 reputamus,

136 1539 229 1606 ⁴hunc
251 1566 382 1634 quoqne
403 1544 530 1610 Mosam
562 1543 715 1619 incitasse!
731 1558 763 1606 et
790 1535 934 1606 consiliis
958 1538 1124 1624 adjuvisse,

141 1662 358 1752 (Arncpanus
378 1662 413 1726 in
435 1662 541 1752 Praep.
564 1661 648 1727 Eas.
671 1657 735 1740 IX,
777 1664 834 1738 27)
862 1653 1001 1720 eundem
1028 1654 1126 1721 deni-

141 1799 204 1867 qne
224 1774 265 1842 ad
288 1796 388 1844 castra
408 1761 770 1863 egressorumvenisse,
792 1772 928 1839 instituti
952 1772 1029 1840 novi
1048 1775 1125 1838 auc-

141 1897 263 1980 torem3
311 1894 352 1962 dc
372 1894 526 1962 Jethrone
548 1893 681 1962 sortasse
703 1891 845 1977 cogitare
870 1887 957 1956 licet.
1011 1888 1125 1956 Obstat
1232 1958 1234 1961 ,

96 2088 99 2097 ¹
142 2012 283 2104 quidem,
306 2013 396 2106 qnod
411 2012 485 2081 loco
500 2012 656 2078 habitasse
678 2010 797 2079 dicitur
816 2002 934 2097 procul
951 2001 989 2071 ah
1005 2005 1123 2076 Helio-

139 2128 210 2222 poli
232 2148 377 2215 remoto,
409 2131 467 2198 sed
487 2130 616 2197 traditio
634 2127 784 2194 hebraica
804 2126 1050 2218 conceptionem
1071 2121 1124 2192 le·

77 2336 82 2344 d
141 2249 188 2332 gis
217 2246 309 2314 facile
340 2247 381 2315 ιιι
413 2273 449 2313 ca
466 2245 543 2340 ioca
559 2233 710 2312 retulisse
735 2245 893 2328 creditur,
934 2243 990 2309 uhi
1013 2261 1124 2335 postea

138 2355 339 2455 promulgata
369 2385 426 2433 est.
489 2369 614 2433 Tamen
638 2365 666 2430 si
696 2361 770 2429 ideo
801 2359 991 2454 hypothesis
1018 2360 1124 2429 levior

141 2480 312 2562 videatur,-
344 2479 554 2545 nihilominus
584 2476 732 2544 sacerdos
755 2480 925 2567 AEgyptius
945 2478 1032 2544 Mosi
1062 2477 1123 2545 ad·
1181 2470 1184 2475 ’

140 2597 235 2662 fuisse
256 2575 415 2687 putandus
440 2611 504 2675 est,
524 2609 556 2657 et
569 2584 844 2684 quemadmodum
865 2593 1012 2683 AEgyptii
1034 2567 1127 2658 hunc.

87 2752 89 2756 ·
120 2702 303 2805 ‘potissime
325 2725 616 2779 commemorarunt
636 2710 730 2801 eique
750 2707 911 2779 honorem
930 2705 1142 2794 legislatoris

140 2831 339 2914 tribuerunt,
361 2831 408 2896 sic
428 2828 558 2911 Hehraei
578 2851 671 2893 suum
691 2824 796 2892 solum
812 2821 1033 2896 nominarunt.

123 2966 126 2973 ·
228 2948 312 3037 Quae
336 2946 377 3012 dc
391 2931 492 3013 'Mose
513 2969 531 3010 a
553 2946 665 3032 graecis
685 2944 866 3009 auctoribus
887 2942 1122 3012 circumferun-

137 3083 201 3147 tur,
223 3067 277 3131 vix
298 3065 394 3151 digna
413 3081 496 3151 suut,
521 3080 592 3157 quse
618 3077 919 3130 commemorentur.
960 3059 1119 3148 Tradunt,

144 3311 146 3315 Α
206 3286 275 3340 dum
290 3286 494 3356 AEgyptiorum
509 3291 689 3356 compositos,
707 3285 913 3339 denominatio:
931 3284 1056 3354 populus
1073 3303 1120 3338 sa·

206 3378 352 3432 cerdotum
370 3395 402 3431 o:
420 3385 472 3448 qui
489 3380 524 3434 ad
541 3379 645 3433 nudam
660 3383 807 3434 ueritatem
825 3373 1050 3446 cognoscendam
1067 3375 1119 3428 ad-

205 3474 386 3523 missisunt.

136 3562 183 3628 ⁴⁰)
206 3566 263 3615 ⁴7⁰⁸·
282 3579 307 3615 0·
324 3558 381 3631 ΑΡ·
399 3563 426 3626 Ῑ
443 3569 489 3623 32·
547 3563 611 3616 Non
629 3562 712 3618 multi
727 3573 784 3625 est,
819 3559 897 3628 quod
916 3558 1096 3612 Glsoeremon
1088 3575 1119 3610 m

127 3725 133 3733 x
204 3654 235 3706 h.
254 3655 275 3706 ι.
291 3670 357 3707 cum
377 3654 534 3724 Josephum
553 3659 763 3725 interpretatur,
781 3651 915 3706 seductus
931 3649 1118 3704 similitudine

144 3780 147 3785 -
204 3750 368 3812 nominum,
403 3764 456 3800 nec
472 3748 563 3815 pluris
583 3760 640 3815 est,
678 3764 744 3819 eum
760 3742 895 3819 i’etssiph
911 3757 964 3795 nec
980 3735 1119 3810 Osarsiph

205 3837 279 3901 dici,
296 3855 360 3891 nam
375 3843 419 3892 uti
438 3843 552 3892 nomina
570 3839 705 3907 AEgyptia
722 3852 832 3904 semper
848 3838 956 3888 incerta
973 3844 1056 3899 sunt,
1077 3836 1118 3886 sic
1192 3842 1194 3848 ’

205 3930 235 3982 ιι.
253 3931 273 3982 1.
290 3931 377 3983 modo
397 3944 540 3998 urgemus,
558 3929 636 3997 quod
652 3921 876 4000 tsucyocpuustt's
893 3929 979 3981 inter
984 3924 1118 3980 Hebraeos

202 4036 315 4091 magnas
334 4033 426 4092 partas
442 4026 533 4092 egisse
562 4021 675 4077 dicitur.
