2558 4538
523 321 684 400 ,tas

57 511 61 529 '¹
99 574 102 578 -
153 549 271 628 preter
295 533 421 603 Mosem
446 527 545 608 duee,
560 526 716 619 losepho
737 525 894 612 seilicet3
914 543 1038 597 mutato
1060 551 1151 646 quo-

152 674 218 744 que
247 625 475 738 aLysimacho
507 645 593 730 regis
621 645 766 714 nomine.
836 643 1002 737 Quanta
990 668 1029 710 tn
1052 640 1153 715 initio
1216 745 1219 752 1

152 765 346 834 narrationis
374 762 456 829 adsit
485 761 722 830 convenientia
743 787 820 831 cum
846 761 917 829 fatis
946 757 1152 848 iudeorum,

89 889 91 892 ’
152 902 268 976 sponte
297 877 419 968 elucetz
459 903 528 946 non
548 879 654 946 subito
675 877 806 947 aliunde
826 867 1047 985 aduensi-unt,
1092 882 1151 972 qui

152 1000 300 1093 oppressi
323 1015 415 1081 sunt,
456 994 514 1062 sed
535 994 660 1089 populo
681 999 772 1064 misti
795 997 835 1062 ab
856 995 972 1064 eodem
990 1020 1153 1090 separan-

153 1137 227 1184 tur·
272 1114 363 1207 quod
387 1114 534 1206 AEgyptii
557 1136 617 1194 nec
636 1116 801 1205 peregrini
824 1111 1051 1205 appellantur,
1082 1111 1152 1181 fac·

57 1271 59 1275 ·
154 1252 223 1300 tum
247 1249 312 1314 est,
332 1249 397 1296 tam
418 1227 507 1320 quod
530 1253 591 1320 per
608 1217 738 1316 longam
761 1233 1053 1298 commorationem
1075 1220 1179 1297 cum*

152 1367 244 1442 parte
262 1348 491 1439 AEbyptrorum
502 1345 715 1447 coaluerant,
764 1372 860 1440 quam
879 1345 973 1439 quod
995 1370 1067 1414 non
1087 1342 1150 1416 soli

154 1465 319 1556 peregrini
336 1466 425 1555 quasi
443 1465 611 1549 sagenas,
629 1465 686 1533 sed
699 1489 822 1548 omnes,
838 1463 1150 1555 quiiactionisejus·

154 1582 230 1650 dem
254 1600 357 1665 erant,
381 1583 424 1648 ob
442 1580 636 1667 religionem
648 1601 679 1650 et
696 1567 808 1670 odium
820 1579 1029 1674 'sacerdotum
1044 1580 1150 1672 pressi

154 1716 239 1767 sunt.
257 1703 295 1766 In
303 1696 485 1791 lapicidinis
494 1698 600 1766 afflicti
608 1718 692 1784 sunt,
709 1701 808 1790 idque
817 1700 852 1765 in
859 1694 1151 1788 orientali‘AEgyp·

95 1876 104 1882 .
155 1832 201 1898 to,
221 1814 494 1905 quemadmodum
503 1814 604 1885 Judaei
622 1815 736 1905 lateres
752 1815 875 1901 fingere
886 1814 1021 1881 eturbes
1029 1811 1154 1879 ibidem

154 1933 230 1998 sitas
240 1951 407 2004 exstruere
422 1935 499 2020 jussi
516 1951 601 2000 sunt.
646 1934 748 2001 Adest
761 1930 936 2019 legislator,
956 1919 1027 2004 non
1044 1926 1152 1996 tolum

83 2021 90 2030 ἡ
154 2048 257 2130 Mosis
284 2050 416 2115 nomine
447 2049 567 2131 dictus,
611 2049 669 2116 sed
692 2052 788 2118 etiam
809 2048 971 2142 principia
989 2046 1152 2113 constitu·

50 2157 53 2164 ¹
149 2164 255 2240 tionis·
274 2165 423 2230 Mosaicae
452 2189 653 2256 proponens.
677 2169 800 2235 mentio
822 2165 859 2232 fit
880 2162 1113 2252 submersionis
1135 2186 1152 2227 a

154 2300 232 2363 rege
255 2282 367 2364 jussae,
400 2270 594 2370 (Lysinoe.
621 2287 685 2375 Ap.
709 2300 747 2367 1,
767 2291 834 2369 34)
849 2282 888 2349 et'
901 2279 1052 2374 omnium
1069 2301 1152 2345 con·

88 2386 90 2393 ¹
154 2399 250 2462 sensu
273 2397 314 2462 in·
331 2395 474 2495 Judoeam
492 2395 580 2490 pulsi
602 2399 760 2466 abierunt.
948 2382 950 2386 i

246 2514 290 2581 At
319 2531 574 2606 quantacunque
591 2516 632 2581 sit
658 2507 905 2600 convenientia,
922 2517 928 2530 ‘
948 2537 1020 2581 non
1051 2514 1150 2581 dissi-

55 2660 56 2667 *
116 2629 118 2636 ’
154 2627 318 2704 ntulandav
335 2649 383 2698 est
414 2631 639 2724 discrepantia.
709 2632 775 2700 Sed
804 2631 941 2701 tenenda
968 2648 1044 2698 sunt
1067 2631 1152 2714 heic,

156 2770 229 2836 quae
256 2771 354 2840 supra
380 2751 414 2835 (ξ
442 2756 499 2832 4ο)
519 2747 572 2815 'de
602 2750 783 2834 ignorantia
811 2750 885 2817 iacti
910 2746 1086 2841 studioque
1113 2768 1154 2816 ⁴et

155 2864 204 2928 ira
232 2881 263 2930 et
303 2882 410 2932 mente
442 2864 590 2942 historici
626 2867 820 2955 monuimus.
889 2863 1009 2932 Procul
1044 2883 1153 2933 tamen

156 2979 245 3046 abest
266 2983 399 3073 opinio,
398 2980 596 3049 relationes
617 2981 877 3081 discrepantes
852 3006 899 3048 ste
919 3005 987 3048 esse
983 3005 1152 3074 compo-

100 3175 102 3180 ,
138 3097 299 3180 luendas,
333 3115 380 3163 ut
407 3099 447 3164 ah
468 3117 603 3190 utraque
624 3117 716 3191 parte
734 3074 902 3185 largiendo
924 3098 1069 3165 medium
1091 3097 1153 3164 ali-

156 3209 254 3301 quod
278 3200 386 3294 eireat3
430 3215 466 3278 in
497 3216 636 3306 antiquis
668 3212 879 3282 relationibus
908 3239 998 3307 saepe
1024 3215 1164 3294 accidit}

75 3408 81 3421 x
158 3345 192 3393 ut
220 3345 411 3411 narrentur,
457 3354 530 3420 quae
551 3329 728 3406 conciliari
754 3338 931 3425 nequeant,
975 3327 1034 3399 sed
1059 3358 1096 3399 ea
1117 3358 1153 3399 re

74 3437 76 3441 ¹
154 3469 224 3513 non
254 3447 296 3512 ita
326 3447 450 3513 turbari
478 3472 538 3514 nos
566 3443 744 3540 patiemur,
787 3468 824 3516 ut
859 3467 912 3515 aut
940 3466 1042 3517 totam
1082 3476 1173 3547 rem·-

155 3560 283 3630 missam
320 3563 470 3631 faciamus
510 3583 562 3632 aut
601 3566 711 3633 inanes
740 3545 944 3662 conjecturas
981 3585 1152 3634 sectemur.

139 3678 222 3747 ‘Sed
230 3681 477 3753 dissonantram
467 3699 552 3749 mter
568 3681 739 3753 relationes
750 3685 963 3778 Hebraeorum
981 3702 1012 3751 et
1022 3685 1154 3775 AEgyp-

156 3797 277 3895 tiorum
298 3822 367 3866 non
383 3811 503 3873 tantam
517 3785 594 3883 esse,
618 3800 721 3893 qualis
737 3801 846 3900 forsan
861 3801 1016 3883 videatur,
1040 3820 1153 3868 osten-

153 3909 234 3990 dere
258 3903 457 4001 conabimur.
511 3920 666 3990 Manetho
687 3918 807 4006 refert,
852 3903 1073 4011 Amenophim
1098 3943 1153 3984 cos
