2558 4538
617 260 745 334 -lll

213 493 263 542 tus
280 473 351 541 est?
376 487 408 539 et
423 483 627 560 tantoperea
651 469 873 534 recentiorum
897 462 1092 533 Judaeorum
1114 467 1207 551 iuge-

210 592 267 656 nio
289 590 360 654 haee
382 587 474 653 notio
492 584 674 665 abhorruit,
699 602 736 650 ut
759 609 819 676 per
841 581 945 648 aliam'
959 583 1210 674 interpretatio-

210 729 288 771 nem
310 703 505 770 sententiam
526 700 568 766 de
590 700 694 767 salute
715 725 733 765 e
755 701 895 790 posteris
916 697 1100 765 Abrahami
1124 721 1209 788 pro·
1268 697 1271 705 '

210 821 334 888 lectura
357 821 479 886 evitare
499 816 804 897 laboraverum),
836 834 869 882 et
888 818 1067 905 «Iosephus,
1090 810 1210 894 (Areh.

212 951 241 1015 1,
267 949 318 1013 13,
339 941 386 1012 4.)
408 936 460 1001 bis
473 933 590 1017 ⁸verbis
612 935 751 1014 omissis,
774 932 910 998 alteram
928 933 1207 1023 exspectationem

211 1054 335 1142 ubique
362 1051 577 1118 substituerit.
628 1053 666 1116 Iu
692 1051 836 1116 decursu
865 1047 1051 1117 seculorum
1080 1045 1208 1137 aliquot

110 1148 113 1152 ⁴
213 1171 276 1236 viri
297 1158 433 1257 quidem
453 1167 702 1257 exspectabant,
733 1166 823 1245 lore,
855 1182 892 1230 ut
922 1189 1006 1230 verae
1037 1162 1207 1248 religionis

88 1366 96 1373 ᾖ
124 1364 128 1371 Ι
210 1285 407 1350 beneficium
436 1283 477 1348 ad
502 1306 616 1349 omnes
644 1307 663 1346 a
686 1279 807 1347 Judaeis
836 1283 983 1347 mairaret
1013 1287 1062 1359 (v.
1085 1268 1212 1374 esMi·¹

106 1435 109 1439 ·
210 1401 272 1468 cha
287 1404 320 1476 4,
335 1412 367 1474 2,
388 1400 469 1485 Hag.
490 1411 521 1479 2,
542 1405 599 1480 7);
629 1397 688 1464 sed
713 1396 817 1488 quum
839 1398 909 1479 haee
927 1395 1000 1461 idea
1022 1391 1205 1488 particula-

211 1519 313 1584 rismo
336 1533 445 1581 tamen
466 1517 644 1582 commixta
664 1514 725 1590 sit,
756 1530 821 1578 tam
843 1493 932 1580 clara
961 1513 1075 1592 effata,
1107 1531 1205 1600 quatu

133 1669 139 1676 ·
209 1658 283 1725 quae
306 1634 342 1697 in
363 1633 485 1698 Genesi
507 1630 646 1710 adsunt,
676 1628 754 1696 inde
778 1630 868 1696 nasci
891 1623 959 1696 uon
982 1645 1146 1721 potuere3
1177 1642 1208 1690 et

175 1837 179 1841 ι
210 1751 284 1840 quis
308 1772 444 1840 quoque
467 1770 563 1815 ausus
583 1748 706 1827 suisset,
735 1728 926 1813 Abrahamo
949 1747 1106 1824 tribuere,
1131 1764 1205 1833 qoae

208 1869 263 1952 riu
284 1882 317 1931 et
336 1890 378 1930 ne
402 1864 456 1930 vix
472 1863 607 1954 quidem
627 1864 725 1956 pauci
750 1865 785 1928 iu
797 1862 927 1955 populo
948 1851 1203 1929 intellexerant?

210 1983 295 2073 Quae
319 2003 422 2069 quum
446 1980 489 2044 ita
511 1981 588 2059 sint,
617 1980 688 2045 haee
710 1979 908 2074 exspectatio
933 1978 975 2044 ali
996 1980 1071 2069 ipso
1094 1979 1206 2071 dbra-

209 2097 310 2161 hamo
328 2095 478 2187 prolecta
495 2097 642 2187 putanda
664 2113 723 2175 est,
746 2112 779 2161 et
802 2112 866 2160 tam
890 2093 955 2160 alte
973 2093 1206 2161 traditionibus

209 2209 252 2277 tle
274 2236 314 2277 eo
338 2210 438 2274 infixa
467 2210 538 2288 luit,
572 2229 608 2277 ut
630 2212 799 2302 sequentia
825 2228 974 2301 tempora
999 2234 1071 2276 eam
1095 2208 1208 2276 delere

208 2352 277 2393 non
304 2321 476 2392 valuerint.
520 2327 701 2416 Quomodo
724 2352 804 2395 vero
827 2326 869 2391 ab
894 2327 988 2393 initio
1011 2306 1215 2393 Abrahamo

208 2443 327 2511 oborta
343 2443 397 2521 sit,
419 2426 729 2532 frustra'quarritur.
775 2443 889 2530 Quum
908 2465 988 2508 vero
1010 2443 1128 2509 eadem
1149 2467 1206 2509 re-

208 2558 379 2625 velationis
402 2558 587 2625 christiana
611 2560 756 2651 primum
781 2558 966 2624 membrum
988 2560 1047 2638 sit,
1070 2559 1205 2625 effeetus

205 2676 344 2767 probat,
376 2697 445 2739 eam
478 2700 495 2740 a
521 2680 593 2742 Deo
616 2676 796 2766 prolioisci.
849 2673 894 2739 Et
923 2656 1085 2765 suspirari
1114 2656 1202 2754 lieet,

204 2792 395 2859 Abrahamo
416 2790 571 2858 accidisse
592 2817 656 2873 res,
675 2792 862 2872 nobis-nou
884 2789 1098 2870 indicandas,
1130 2815 1202 2882 quae

204 2910 450 3000 persuasionem
472 2910 669 2989 excitarent,
695 2932 760 2998 qua
790 2910 954 2990 integrum
982 2905 1095 2985 salutis
1117 2932 1201 2996 opus

204 3027 339 3090 nitatur.
402 3023 598 3114 Mysterium
634 3041 700 3102 est,
742 3024 797 3088 ubi
827 3022 936 3114 aliqua
965 3047 1037 3103 res,
1079 3046 1202 3110 magnae

206 3140 315 3228 quoad
347 3137 539 3222 religionem
569 3140 756 3232 potestatis,
789 3139 923 3213 uinculo
949 3163 1122 3205 causarum
1152 3140 1218 3206 la-'

103 3308 106 3312 .
206 3270 312 3333 tente,
347 3256 484 3332 emicat,
528 3274 562 3322 et
591 3255 626 3321 S.
651 3256 686 3323 S.
715 3258 800 3322 bene
831 3256 901 3320 usui
933 3253 1087 3339 religioso
1119 3282 1201 3324 con·

196 3367 319 3450 suluit,
359 3369 452 3459 quud
481 3371 758 3462 exspectationem
781 3372 954 3462 promissis
981 3372 1044 3438 Dei
1076 3376 1200 3440 exeita-

205 3505 269 3552 tam
293 3487 393 3567 dicit3
434 3488 493 3552 sed
520 3489 568 3554 sic
597 3488 754 3555 indicavit
785 3487 898 3570 simul,
938 3489 1100 3574 originem
1132 3491 1200 3571 ejus

205 3628 273 3670 non
296 3604 453 3672 historica
476 3606 525 3671 via
550 3605 690 3671 inveniri
713 3628 821 3694 posse.

205 3976 249 4038 77)
271 3991 296 4023 v.
318 3972 342 4026 e'·
360 3976 485 4028 Oukclosi
504 3977 670 4046 Purapltras.
689 3978 723 4030 ad
744 3975 815 4035 Gett.
836 3949 878 4046 12‘¹
897 3987 921 4038 3·
