2558 4538
541 320 612 396 147

84 526 92 539 “
169 524 337 619 Peregrini
359 521 539 591 liberaliter
568 525 689 616 accepti
710 542 801 608 sunt,
835 544 866 593 et
888 528 959 631 loca
981 555 1072 622 qua·
1166 538 1170 545 '

76 640 142 708 atui
170 663 285 707 eorum
314 642 429 734 reique
451 665 513 734 per
539 665 595 709 eos
617 639 849 734 promovendae
874 646 1072 714 commodis-

78 758 159 827 sima
180 756 227 823 eis
248 780 398 825 concessa
419 777 502 829 sunt.
545 763 656 828 Gosen
677 754 863 850 provincia,
897 765 987 848 cujus
1010 774 1079 832 uo·'

77 897 155 941 men
193 892 281 940 extra
319 874 526 944 traditionem
560 875 724 942 Judaicam
760 875 877 943 frustra
908 881 1074 970 quaeritur,

80 981 217 1088 colonos
240 995 391 1086 excepit..
421 995 474 1062 Ab
504 994 629 1061 oriente
655 993 814 1079 fluminis,
849 996 976 1063 Arabiae
1005 997 1075 1063 affi-

80 1110 133 1183 nis
154 1108 264 1191 (LXX
285 1099 384 1179 redd(
400 1109 509 1177 Gesen
530 1110 685 1192 Arabiae),
707 1112 832 1202 pascuis
853 1128 884 1176 ct
905 1109 1075 1204 paludibus
1100 1132 1102 1139 '
1143 1198 1151 1207 Ι

21 1245 30 1272 ··
80 1206 264 1311 abundans,
311 1227 352 1295 ad
389 1226 502 1296 littora
536 1229 633 1294 maris
670 1227 908 1294 Mediterranei
937 1230 1074 1321 patebat.

75 1350 283 1433 ‘Artapanus
306 1343 446 1410 eundem
478 1342 587 1410 locum
610 1327 728 1412 Kaisan
757 1363 789 1412 et
810 1345 933 1411 Kassan
961 1347 1076 1413 urbem

36 1478 39 1482 ·
81 1457 258 1556 appellavit
278 1462 411 1550 (Praep.
432 1461 509 1529 Eus.
531 1460 598 1544 lx,
627 1475 685 1543 23,
713 1469 783 1541 27).
822 1458 948 1528 Forsan
970 1463 1076 1552 itaque

13 1650 19 1657 ,
81 1576 159 1642 urbs
188 1575 250 1643 fuit
278 1574 422 1662 ejusdem
445 1576 605 1657 nominis,
650 1600 754 1666 aqua
783 1577 841 1641 toti
863 1576 991 1659 regioni
1012 1601 1077 1641 no-

10 1720 19 1781 j
81 1695 289 1758 men'eessit.
358 1689 556 1783 Heroopolis
582 1691 698 1772 (LXX
726 1696 761 1756 in
791 1694 876 1759 Gen.
905 1699 965 1772 46,
1008 1701 1077 1770 28),
1140 1775 1143 1781 p

85 1833 158 1900 quae
181 1828 214 1876 et
235 1807 377 1890 Pitbom‚
403 1806 651 1900 Heliopolisque
675 1827 706 1876 et
725 1809 831 1877 Athos
855 1808 975 1899 (Praep.
995 1809 1079 1873 Eua.

83 1923 122 2004 ll.
152 1936 216 2009 ec.)
256 1930 292 1995 in
328 1924 440 1992 eadem
473 1927 642 2018 provincia
680 1928 748 1993 sitae
784 1925 880 2011 fuisse
917 1923 1080 1992 dicunt-ur.

83 2020 220 2127 Fertur,
265 2042 393 2143 Judaeos
421 2044 518 2111 urbes
546 2063 590 2141 et¹
608 2041 736 2136 templa.
749 2041 932 2110 condidisse
955 2039 1078 2122 (Atboe

85 2177 118 2226 et
146 2158 347 2252 Heliopoli);
399 2187 501 2254 quum
530 2150 609 2229 vero
637 2161 749 2227 eadem
778 2185 879 2253 opera
908 2158 948 2224 ad
979 2156 1080 2222 afflie-

20 2311 23 2316 ·
84 2277 207 2364 tionem
227 2303 340 2344 eorum
358 2278 558 2362 referantur,'
598 2277 659 2344 nee
681 2302 772 2359 mox,
816 2299 878 2366 nec
900 2291 1016 2366 sponte
1046 2272 1080 2369 id

10 2439 14 2444 -
84 2395 185 2478 egisse
200 2395 334 2486 putandi
356 2414 448 2479 sunt-13
473 2394 659 2462 Judaeorum
675 2393 798 2467 seilicet
812 2418 880 2460 uon
898 2409 965 2457 erat
984 2392 1080 2457 urbes
1145 2398 1147 2402 ”

23 2520 27 2525 ’
87 2525 121 2572 et
150 2488 269 2599 templa
297 2510 474 2594 condere,¹
499 2510 659 2602 siquidem
689 2513 725 2576 in
746 2513 901 2577 Canauaea
923 2491 1082 2598 nusquam
1155 2553 1162 2562 -

68 2703 69 2706 ¹
88 2620 125 2686 id
140 2641 354 2714 susceperant.
399 2604 520 2692 Praeter
537 2628 720 2714 pecuariam
736 2648 830 2709 agros
845 2645 975 2714 quoque
990 2618 1082 2686 eole-

86 2739 175 2823 bant‚
221 2742 331 2822 (Deut.
352 2756 411 2824 11,
457 2749 514 2822 10)
528 2722 641 2832 'neque
671 2739 888 2832 improbabile
916 2755 980 2820 est,
1023 2738 1082 2802 Jo-

67 2837 235 2949 'sophum
250 2874 282 2922 et
301 2843 503 2923 Pharaonem
526 2858 621 2941 etiam
644 2856 846 2941 agriculturae
869 2859 933 2943 jam
945 2853 1083 2921 florenti
1110 2877 1113 2881 ’

88 2997 150 3064 per
182 2996 237 3038 eos
269 2970 452 3039 invitandos
483 2974 674 3064 prospicere
707 2970 856 3041 voluisse.
926 2971 1083 3038 Commu-

88 3090 187 3156 nione
217 3092 289 3157 vitae
314 3113 387 3155 curn
410 3091 591 3181 pastoribus
614 3091 813 3182 AEgyptiacis
838 3083 1082 3178 consveveruut.

89 3206 147 3286 Uti
167 3205 324 3298 Josephus
356 3190 503 3299 exemplo
524 3209 697 3300 praeierat,
740 3206 806 3272 filia
830 3207 993 3300 pontificis
1014 3211 1082 3275 He-

69 3318 273 3414 'iiopolitani
297 3321 451 3406 ducenda,
475 3325 521 3389 sic
541 3347 672 3415 quoque
690 3320 843 3409 colligere
861 3323 946 3406 licet,
968 3326 1083 3388 matri-

70 3440 200 3507 ‘monia
238 3463 311 3505 eum
340 3442 502 3532 AEgyptiis
537 3439 624 3506 haud
652 3465 723 3506 rara
753 3440 859 3507 fuisse.
928 3435 1085 3526 Exempla

71 3544 233 3639 ¹ejusdem
257 3559 306 3621 rei
334 3557 466 3625 adeunti
500 3540 579 3623 Ler.
600 3565 653 3640 24,
689 3573 749 3639 103
787 3552 949 3630 1Chrou.
971 3566 1008 3632 2,
1033 3561 1084 3626 34.
1173 3618 1176 3625 ,

50 3659 62 3670 ”
93 3670 204 3762 Quum
229 3696 306 3741 vero
329 3675 476 3768 AEgyptii
500 3697 539 3740 eo
566 3691 713 3766 tempore
742 3671 1002 3736 abominarentur
1026 3693 1088 3759 pa-

90 3789 195 3854 stores
220 3789 305 3857 Gen.
326 3800 384 3876 46,
418 3799 478 3873 34,
514 3787 784 3882 quemadmodum
813 3804 959 3873 tempore
981 3785 1088 3853 Hero·
