2558 4538
559 298 630 374 lto

95 531 172 576 men
188 488 378 597 AEgjptium
394 520 489 598 atque
504 501 665 590 indigenis
679 504 994 598 regibus'proprium
1018 512 1087 591 suit,

31 708 34 713 ι
95 644 127 692 et
153 647 213 690 rex
235 623 371 714 AEgypti
390 619 570 714 appellatur
592 624 744 704 Gemclo,
768 636 798 695 1.
848 624 1004 715 Josephus
1026 652 1087 718 pro

92 764 186 811 more
204 739 438 831 AEgyptiorum
452 740 628 830 interprete
642 762 717 804 usus
734 740 837 806 sertur
858 741 943 806 Gen.
958 750 1011 824 42,
1034 757 1087 828 23,

92 855 185 950 quod
205 880 274 923 non
299 854 555 939 factumfuisset,
580 857 608 922 si
626 855 753 922 Semitae
772 853 949 948 AEgyptum
966 860 1090 926 tenuis-

91 982 184 1056 sent3
208 972 297 1039 idem
311 974 371 1040 toti
386 976 529 1065 AEgypto
545 970 715 1064 praefectus
732 989 789 1054 est,
817 989 849 1037 et
864 997 880 1036 a
898 972 1016 1041 finibus
1032 1001 1089 1042 re·

91 1091 277 1159 notissimis
291 1087 412 1158 incolas
428 1086 590 1156 transtulit
608 1092 693 1158 Gen.
708 1094 760 1170 41,
769 1095 821 1162 tt.
832 1094 883 1162 46.
895 1097 946 1173 47,
955 1105 1014 1174 213
1026 1096 1088 1163 Se·

92 1207 179 1275 mitae
207 1229 302 1289 vero,
337 1223 498 1298 pastores,
535 1208 592 1296 qui
620 1205 750 1296 Hyltsos
779 1205 951 1292 dicuntur,
988 1210 1087 1278 modo
1139 1238 1144 1247 ·

92 1324 282 1390 inleriorem
310 1322 446 1413 AEgypti
480 1339 606 1414 partem
641 1324 764 1388 ditione.
798 1339 969 1391 tenuerunt
1006 1326 1088 1408 (vid.

91 1464 128 1531 p.
145 1453 186 1539 31
210 1457 278 1506 not.
300 1447 368 1518 43).
412 1437 569 1530 Josephus
593 1439 699 1528 itaque
720 1447 788 1503 non
806 1439 866 1504 sub
888 1439 939 1506 his
957 1447 1087 1535 AEgyp-

92 1573 162 1622 tum
181 1557 283 1636 rexit,
315 1553 372 1619 sed
395 1571 561 1649 tempore,
588 1575 655 1642 quo
674 1569 740 1620 tota
761 1568 846 1617 terra
866 1557 923 1619 uni
948 1575 978 1622 ct
998 1560 1086 1624 indi·
1117 1566 1120 1573 '

90 1696 181 1759 genae
196 1673 263 1758 regi
281 1646 423 1762 parebat.
456 1672 677 1739 Perizonium
695 1646 801 1753 (Orig.
816 1672 889 1753 AEg.
908 1695 941 1761 p.
952 1685 1088 1756 331-89)

91 1789 128 1855 id
147 1788 234 1854 haud
256 1786 356 1872 fugit,
382 1810 492 1877 ⁴quare
514 1803 640 1871 censet,
676 1785 853 1878 losephum
875 1787 1007 1877 quidem
1028 1793 1086 1856 sult
1145 1786 1150 1797 ⁸

13 1942 18 1947 ·
89 1930 192 1989 regno
213 1907 382 1973 Pastorum
404 1903 572 1982 floruisse,
610 1901 671 1968 hos
692 1925 771 1968 vero
802 1926 871 1969 non
895 1907 1085 1996 peregrinos

91 2022 207 2106 luisse,
238 2021 295 2089 setl
317 2022 487 2114 AEgvptios
513 2020 697 2114 pastoribus
726 2004 868 2087 faventes
876 2048 886 2104 3
923 2046 960 2087 ea
983 2041 1088 2090 autent

92 2142 266 2222 sententia,
289 2115 510 2224 chronologiae
531 2134 661 2209 biblicae
683 2156 714 2205 et
731 2161 799 2204 non
820 2140 958 2204 examini
977 2165 1088 2210 rerunt

92 2275 253 2341 gestarum
276 2273 512 2348 superstructa,
533 2272 654 2346 praeter
676 2251 739 2319 alia
761 2255 855 2320 etiam
869 2279 938 2321 eam
960 2259 1090 2324 obrem

91 2372 226 2445 taxanda
249 2390 316 2454 est,
350 2373 440 2463 quod
464 2376 630 2452 Pastores,
669 2370 798 2437 aliunde
822 2371 980 2464 profecti,
1013 2380 1087 2445 satis

55 2470 58 2477 .
94 2505 204 2577 aperte
225 2489 264 2552 ab
286 2487 446 2571 indigenis
467 2487 706 2572 distinguuntur
728 2490 810 2568 (Jos.
835 2512 862 2555 c.
882 2486 946 2579 Ap.
969 2502 997 2566 1,
1022 2501 1088 2570 14).

135 2688 227 2772 §89
275 2687 331 2752 De
354 2687 496 2752 adventu
518 2686 727 2751 Hebraeorum
751 2693 787 2752 ἐκ
808 2687 991 2774 AEgyptrtm
1015 2701 1048 2754 et

331 2798 432 2888 sorte,
454 2826 518 2889 qua
542 2804 661 2868 ibidem
684 2812 844 2875 rattruut.

181 2953 327 3051 ¹Chembe
356 2954 463 3045 itaque
484 2970 655 3039 regnante,
696 2957 863 3046 oppressio
894 2953 948 3022 illa
971 2956 1087 3050 populi

38 3150 49 3161 .
92 3071 276 3161 AEgyptiaci
313 3072 430 3161 coepit.
501 3072 644 3163 loscplto
679 3072 741 3162 ipsi
778 3088 884 3138 tamen
921 3096 1005 3145 non,
1023 3093 1087 3142 tota

93 3185 221 3252 afflictio
245 3184 362 3279 populi
384 3187 554 3267 tribuenda
576 3207 642 3256 est:
675 3212 774 3279 quum
795 3212 873 3257 vero
898 3209 1087 3283 potestatem

89 3299 189 3367 nullis
218 3303 374 3369 limitibus
401 3287 677 3398 circumscriptam
709 3309 779 3396 regi
802 3307 1001 3391 tradidisset,
1033 3311 1088 3373 hic

93 3417 204 3483 eadem
227 3420 341 3485 abusus
370 3438 433 3502 est,
476 3421 586 3489 forsan
605 3420 759 3488 nonnihil
782 3442 961 3491 commotus
983 3426 1090 3514 impe-

93 3534 262 3618 dimentis,
307 3560 379 3626 quae
409 3536 550 3628 populus
581 3540 732 3604 institutis
761 3539 894 3629 losephi
923 3513 1090 3625 objecerit.

92 3649 266 3716 Annuente
285 3676 381 3737 rege,
413 3653 572 3747 losephus
592 3673 719 3746 patrem
741 3670 772 3719 et
794 3652 908 3718 fratres
932 3652 1090 3731 invitavit,

92 3785 127 3833 nt
143 3802 145 3808 ·
160 3769 195 3832 in
216 3768 396 3860 AEgyptum
418 3772 555 3836 tentoria
580 3786 769 3851 moverent3
791 3785 842 3854 ⁴et
864 3791 964 3859 quum
985 3767 1092 3834 fertile
1138 3831 1140 3835 ,

93 3884 229 3976 AEgypti
258 3882 365 3953 solum
385 3883 664 3954 Palaestinensibus
692 3885 834 3975 ipsisque
854 3883 999 3953 Hebraeis
1027 3909 1090 3952 no-

93 4002 251 4079 tissimum
268 4020 360 4097 esset,
377 4027 449 4083 non
463 4003 651 4072 dubitarunt
667 4024 793 4070 morem
808 4024 930 4089 gerere.
963 3983 1090 4091 Quem-

809 4141 895 4193 '10
