2558 4538
97 502 168 569 uiin
188 494 416 581 relationibus,
442 481 514 589 dnm
538 495 728 588 indubium
751 520 868 570 vocate
891 506 998 590 luere,
1020 532 1096 601 pas·
1189 587 1193 596 ἱ

55 661 57 664 a
97 608 161 674 sim
179 601 316 672 addetur
341 601 443 684 fides;
472 619 620 695 tempora
641 603 864 676 contrahendo
890 609 1097 700 Pentateuqhi

97 712 194 797 origo
215 708 352 802 propius
375 705 417 772 ad
437 706 619 776 Mosaicum
641 731 746 777 aevum
769 728 801 778 et
818 735 891 796 res,
924 738 995 806 qun
1016 723 1120 784 nar-¹
1152 734 1159 746 ·

50 818 65 899 2
97 833 233 898 rantur,
272 811 464 894 adducitnr3
502 812 765 898 conjunctionem
785 839 860 905 cum
880 818 1098 890 Phoenicibus

97 919 333 1023 Aegyptiisque
354 916 525 1014 probando
547 915 748 1010 explicantur
761 898 998 1013 phoenomena,
1024 949 1097 1020 quae
1161 917 1165 924 ⁴

93 1048 207 1093 ¹aevum
228 1010 363 1091 Davidis
383 1038 416 1089 ct
437 1002 620 1090 Salomonis
642 1022 813 1092 ostendere
833 1026 904 1095 aliis
927 1028 1097 1118 videntur,

10 1114 22 1196 s
104 1147 135 1197 ct
162 1129 303 1229 denique
324 1128 451 1207 crisis,
480 1150 552 1248 que
575 1129 611 1195 in
633 1126 780 1197 indole
769 1132 869 1222 ipsius
891 1132 1098 1203 Pentateuchi
1184 1116 1187 1121 ¹

101 1215 302 1317 subsistit,'
292 1257 328 1300 m
349 1228 467 1307 circuli
485 1232 601 1299 vitium
622 1229 716 1300 facilc
739 1232 919 1321 delabitur,
948 1240 1012 1305 nisi
1034 1237 1099 1309 ali-

103 1336 192 1406 uude
211 1342 346 1422 constet,
370 1337 451 1430 quid
468 1338 538 1405 veri
561 1338 649 1424 insit,
675 1339 808 1434 etquid
829 1341 901 1409 ab
890 1347 1022 1431 ingenio
1044 1369 1100 1449 ref

104 1442 277 1512 serentium
297 1424 532 1536 proficiscatur.

195 1569 407 1670 Quapropter
435 1594 505 1652 me,
547 1565 741 1636 difficultatis
772 1587 896 1638 tentum
928 1596 997 1641 non
1026 1597 1101 1642 om-

105 1675 199 1752 nium
218 1692 249 1759 et
267 1673 405 1746 leuitatis
423 1671 660 1744 nonnullorum
679 1673 768 1742 band
787 1676 953 1762 ignarum,
992 1701 1101 1771 opere

106 1804 174 1849 non
195 1783 393 1874 poenitebit,
439 1782 467 1848 si
489 1782 626 1866 contigit
650 1779 797 1873 quaedam
818 1799 871 1850 aut
894 1782 1115 1875 approbanda·
1219 1796 1220 1800 ’
1260 1826 1264 1833 -

106 1911 296 2000 proponere
315 1904 369 1977 aut
390 1887 580 2007 accuratiori
605 1887 750 1953 examine
770 1885 870 1974 digna
885 1885 989 1956 doctis
1007 1911 1106 1957 mon-

107 2010 220 2098 strare.

127 2099 298 2168 Fines
320 2098 429 2190 operis
450 2119 513 2189 pro
534 2071 647 2163 natura
665 2097 722 2173 rei,
735 2097 977 2184 constituimus3
1018 2121 1114 2190 quoa.
1211 2102 1212 2107 ’

66 2229 77 2247 2
109 2203 197 2270 niam
226 2205 315 2294 enim
338 2201 494 2271 Hebraeus
522 2196 665 2295 populus
685 2199 818 2270 demum
836 2204 970 2271 nomine
989 2202 1106 2298 populi
1185 2274 1188 2281 ,

109 2305 266 2384 dicendus
298 2325 362 2392 est,
400 2332 417 2372 a
448 2330 516 2400 quo
535 2305 749 2402 Abrabamus
770 2301 906 2388 colonos
936 2331 976 2374 cx
1003 2309 1107 2402 patria
1157 2301 1179 2387 J
1221 2349 1229 2361 =

110 2409 259 2497 deduxit,
297 2415 337 2481 ab
358 2410 543 2482 Abrabamo
573 2410 805 2505 auspicandum
833 2412 1045 2505 putavimns3'
1076 2431 1109 2481 et
1206 2439 1208 2442 ·
1260 2450 1262 2458 ·

111 2519 266 2611 quoniam
286 2518 326 2583 ab
348 2519 559 2611 occupatione
579 2514 774 2600 Palaestine,
803 2518 899 2608 Josra
919 2514 1020 2600 duce,
1053 2515 1111 2582 hi·

109 2624 212 2691 storia
232 2619 368 2684 Judaiea'
382 2617 580 2709 aliquamdiu
599 2618 758 2687 delitescit
781 2643 842 2687 nec
862 2637 973 2712 postea
994 2617 1111 2688 eodeni

77 2724 82 2733 ’
111 2723 216 2796 modo
248 2746 323 2799 eum
350 2724 523 2816 peregrina
554 2720 752 2793 conferenda
772 2740 837 2805 est,
883 2725 918 2790 in
940 2720 1001 2791 illo
1024 2741 1111 2791 tem·

112 2856 197 2929 pore
219 2822 456 2897 subsistendum
479 2826 640 2898 duximus.
768 2841 769 2844 ’

59 3038 62 3043 ,
205 2960 388 3050 Antequam
415 2979 496 3025 vero
527 2956 569 3023 ad
590 2957 693 3051 ipsam
710 2938 880 3025 historiam
895 2932 1113 3026 ¹ertulrandam

102 3064 270 3149 accedere
300 3060 397 3146 licet,
440 3086 571 3130 necesse
593 3079 660 3144 est,
704 3076 740 3128 ut
759 3056 884 3153 aliquid
907 3057 949 3127 de
968 3057 1111 3130 fontibus

116 3171 236 3240 nostris
267 3165 410 3251 dicatur,
458 3169 582 3261 quippe
611 3167 669 3261 qui
700 3189 762 3233 nec
790 3162 935 3251 ejusdem
963 3165 1042 3233 fidei
1073 3165 1127 3247 ab‘

118 3274 269 3347 omnibus
291 3271 487 3356 habeantur,
519 3267 688 3342 necastis
701 3277 765 3378 pro
788 3295 866 3352 usu,
894 3293 992 3363 quern
1012 3294 1113 3374 para·¹

119 3405 226 3469 mus,
239 3375 398 3445 illustrati
422 3389 489 3444 esse
507 3376 687 3444 videantur.
731 3361 825 3466 Quae
847 3375 904 3442 ubi
922 3373 1006 3453 dicta
1028 3392 1113 3460 sunt,

10 3508 12 3513 “
117 3474 182 3552 sata
208 3483 394 3553 tudaeorum
420 3481 657 3568 enarrabimus,
693 3498 725 3548 ct
754 3478 894 3578 denique
935 3475 1117 3555 chronolo-

119 3590 222 3678 giam,
241 3592 340 3684 quam
360 3588 561 3673 invenimus,
582 3609 657 3677 cum
680 3585 714 3654 S.
736 3584 772 3654 S.
794 3570 1048 3683 conciliabimus.
