2558 4538
614 283 680 383 mr

280 496 364 579 388.
417 476 638 558 Continentia.
674 493 807 559 Relatio
835 487 1006 561 Herodoti.

232 640 343 733 Atque
379 644 465 709 hanc
501 644 604 733 ipsam
639 660 752 709 notam
777 660 879 728 gestat
901 643 1046 711 seculum
1072 653 1137 732 ⁹⁸),

143 756 370 829 sacerdotibus
409 760 571 849 AEgyptiis
619 760 672 845 rix
709 758 958 826 nominandum.
1019 761 1138 848 ”Reges
1182 828 1187 839 ,
1220 771 1223 783 “

142 873 289 958 ejusdem
313 898 383 965 prae
413 863 493 942 odio
513 873 662 966 AEgyptii
685 876 858 941 nominare
880 874 979 965 plane
1008 878 1137 958 nolunt,

139 986 200 1054 aad
215 1007 247 1055 et
257 977 445 1080 pyramides
464 991 521 1073 (ab
543 992 589 1056 eis
604 968 825 1075 constructas)
837 990 1006 1082 appellant
1023 997 1136 1060 aPhi-

141 1103 193 1170 liti
210 1122 359 1195 pastore,
384 1107 442 1196 qui
464 1106 582 1172 eodem
602 1124 751 1197 tempore
773 1130 884 1192 greges
908 1131 969 1199 per
979 1107 1041 1173 'illa
1063 1108 1136 1174 locs

93 1254 95 1260 ·
142 1216 467 1311 pascebat'fflerod.
498 1223 546 1302 ΙΙ,
580 1226 712 1305 128).”·
752 1222 913 1291 Nolumus
946 1226 980 1288 in
1001 1226 1137 1291 nomine

125 1337 279 1415 ‘Plzilitia
310 1339 453 1421 argutari
487 1341 563 1421 ⁹⁹),'
603 1337 763 1424 indigente
801 1342 977 1430 peregrino
1011 1364 1135 1408 novum

143 1476 265 1519 nomen
297 1454 493 1544 imponunt,
525 1469 557 1518 et
580 1453 692 1519 forsan
708 1453 823 1537 'lingva
846 1453 1001 1545 AEgyptia
1024 1474 1136 1546 aptam

140 1571 209 1652 ejus
232 1566 484 1659 explicationem
508 1569 694 1634 ministrare
716 1551 836 1658 potest.
881 1567 926 1634 At
954 1593 1052 1660 quam
1074 1571 1134 1636 de-

140 1706 230 1750 mum
254 1685 299 1750 ob
322 1664 451 1750 causam
474 1681 603 1764 seculo,
628 1707 697 1774 quo
718 1701 831 1775 pastor
855 1708 965 1770 greges
988 1686 1023 1750 in
1047 1701 1134 1751 terra

140 1799 314 1891 pascebat,
348 1810 436 1866 tan'ta
458 1796 636 1885 ignominia
661 1799 824 1883 inhaeret?
854 1799 1002 1890 Cbeops,
1035 1803 1134 1891 quia
1222 1824 1226 1833 ’

140 1914 292 1980 Diodoro
313 1917 367 1998 (1,
399 1919 469 1999 63.)
491 1913 653 1982 Chembes
676 1912 872 2006 appellatur,
898 1931 930 1980 et
953 1914 1133 2006 Chephren

121 2039 338 2114 'regnarunt3
370 2049 570 2098 nontamen
595 2031 675 2114 soli,
710 2028 814 2122 quum
837 2028 905 2097 duo
930 2031 1047 2098 lestans
1071 2057 1132 2124 per

139 2153 200 2219 106
222 2172 326 2215 annos
348 2156 486 2234 regnare
507 2165 672 2238 nequeant
694 2149 790 2229 ¹⁰⁰);
820 2147 907 2212 inter
934 2173 1024 2233 reges
1052 2172 1132 2216 vero

70 2310 73 2316 -
139 2263 174 2327 hi
198 2265 347 2330 continui
370 2264 509 2329 maxima
536 2260 770 2330 inclaruerunt.
826 2261 880 2328 llli
910 2286 990 2332 vero
1019 2289 1132 2355 popu·
1241 2311 1245 2317 -

140 2377 208 2443 lum
240 2362 491 2447 asacrificando
517 2379 687 2459 arcebant,
716 2378 846 2444 deinde*
865 2376 981 2463 omnes
1003 2379 1132 2471 AEgyp-

141 2496 203 2559 tios
219 2487 393 2558 laboribus
417 2493 562 2559 molestis
583 2493 790 2573 addicebant,
818 2494 970 2575 (Heron
987 2496 1029 2572 ΙΙ,
1049 2501 1132 2565 124-

140 2611 220 2689 127)
252 2604 358 2673 donec
381 2605 526 2697 populus
555 2605 810 2673 ad'extremum
836 2607 970 2673 afflictus
992 2609 1132 2697 negotiis

137 2740 172 2788 et
200 2721 367 2789 sacrificiis
404 2745 422 2787 a
451 2721 625 2811 Mylerino
655 2721 803 2787 redditus
832 2740 880 2790 est
909 2722 1009 2805 (ibid.
1041 2725 1131 2806 129).

71 2911 80 2919 g
140 2837 287 2905 Additur
308 2839 416 2918 etiam,
440 2835 562 2927 templa
581 2834 688 2903 clausa
709 2837 818 2917 luisse,
839 2835 896 2904 sed
916 2861 1024 2928 quum
1041 2837 1131 2904 nulla

137 2978 199 3020 nec
235 2953 405 3038 religionis
440 2976 501 3020 nec
533 2948 741 3019 sacerdotum
775 2955 948 3043 oppressio
984 2977 1131 3020 comme·
1198 3042 1206 3054 Ι

137 3088 263 3138 inorata
292 3071 351 3149 sit,
381 3068 585 3136 credendum
614 3085 678 3151 est,
712 3066 832 3159 templa
860 3071 905 3137 ob
937 3068 1129 3156 religionem

138 3226 405 3245 uun—nnn*—

156 3347 200 3412 98)
220 3342 354 3400 Seculum
372 3326 436 3414 apte
454 3355 566 3414 teinpus
585 3350 832 3416 commorationis,
849 3357 949 3416 utpote
967 3345 1057 3399 tribus
1077 3360 1128 3412 ge·

223 3435 419 3490 natationibus
439 3417 580 3502 absolutae,
600 3439 667 3504 dici,
688 3437 761 3493 infra
779 3435 888 3508 patebit
906 3439 977 3503 §64-
1029 3481 1032 3485 -
1115 3435 1119 3442 ’
1196 3434 1199 3443 ’

155 3528 200 3593 ⁹⁹)
216 3526 428 3579 Philistoeoinm
453 3543 557 3581 nomen
585 3524 693 3581 referre
719 3530 843 3583 uidetur·
876 3525 909 3577 Si
926 3524 972 3575 vet
989 3521 1140 3575 Phanotes

149 3662 154 3671 .
225 3633 359 3679 nonaum
370 3616 496 3672 Hebraeis
512 3622 650 3687 venerint,
668 3618 707 3681 hi.
719 3626 813 3673 tamen
830 3633 846 3668 e
863 3613 1003 3666 Philistna
1022 3616 1129 3678 egressi
1143 3602 1149 3607 ’
1175 3664 1181 3672 x

212 3714 326 3767 'esaan
347 3719 377 3762 et
393 3706 530 3762 Philistaei
547 3709 692 3776 AEgyptiis
705 3709 851 3761 notissimi
868 3710 957 3767 eraut.
1067 3748 1071 3753 ,

139 3800 202 3866 ²⁹9)
220 3799 324 3852 Herod.
336 3797 375 3862 ’2,
394 3805 455 3858 127.
474 3797 575 3852 fratres
593 3798 682 3852 luisse
700 3799 844 3851 dicuutur.
884 3792 1024 3845 Diodorus
1034 3790 1127 3858 (1·64)

177 3876 180 3883 Δ
227 3888 343 3955 quidem
361 3898 472 3951 namet,
498 3887 651 3944 Chambam
668 3888 761 3942 filium
782 3900 843 3940 esse
861 3881 1000 3953 Campis,
1025 3881 1074 3935 sed
1091 3897 1127 3932 ne

224 3983 265 4031 sio
283 3980 399 4050 quidem
417 3978 572 4035 difficultas
588 3979 698 4034 sublata
719 3987 768 4031 est.
865 3962 882 4055 ἦ
