2558 4538
598 289 677 381 ,138
786 370 792 385 ,

143 527 174 576 et
198 507 414 599 oppressione
439 507 638 572 rusticorum
656 501 832 595 impeditae,
855 505 1018 586 insignem
1032 526 1143 569 euram

142 626 286 703 dicasse,
306 642 417 706 'agros
440 620 577 704 singulis
611 625 806 706 assignasse,
820 688 823 695 ,
836 617 965 685 insulta·
982 617 1057 686 loca
1080 618 1146 687 soli

62 774 67 791 =
140 725 276 824 jussisse
296 754 329 804 et
351 722 519 806 mensuras
537 738 610 818 (sd
630 737 700 805 haec
723 759 826 831 opera
848 736 1064 835 necessarias)
1089 736 1143 800 in-

143 859 270 923 venisse
284 857 347 939 ⁹⁶).
397 856 509 943 Quum
523 870 636 923 auctor
652 852 821 921 relationis
833 875 894 917 neo
907 861 925 943 ri
937 851 974 917 S.
984 852 1031 919 S,
1044 875 1106 917 nee
1127 872 1144 913 s

144 973 321 1065 traditione
333 971 523 1037 Judaeorum
536 970 588 1052 90)
599 966 670 1037 haee
683 969 839 1049 hauserit,
862 966 1001 1039 dubium
1014 984 1073 1047 est,
1102 991 1142 1033 an

142 1090 235 1155 sonte
246 1085 312 1151 fide
324 1085 425 1169 digno
441 1108 518 1161 usus
534 1086 587 1152 sit.
609 1084 775 1173 Quoniam
788 1083 1048 1171 Herodotusffl,
1057 1084 1143 1167 109.)

79 1248 81 1253 ψ
141 1202 255 1270 eadem
277 1203 346 1292 ipsa
369 1224 387 1263 a
408 1197 591 1266 Sesostride
612 1175 758 1266 instituta
780 1200 874 1277 dicit,
897 1200 1044 1291 suspicio
1070 1200 1141 1269 ori·

143 1338 211 1408 tur,
230 1297 435 1405 Artapsuum
456 1339 509 1381 res
531 1313 755 1382 a‘Sesostride
776 1333 878 1402 gestas
902 1318 938 1381 in
959 1314 1140 1406 Josephnm

66 1493 71 1499 .
143 1430 365 1513 transtulisse3
404 1431 462 1498 sed
490 1422 580 1496 haud
609 1432 730 1499 minori
759 1433 832 1516 jure
856 1432 1023 1521 suspicari
1052 1429 1139 1508 lieet,

141 1551 314 1640 AEgyptios
328 1549 487 1647 *instituta
504 1520 653 1645 Josepbi,
676 1549 856 1638 peregrini,
867 1545 1057 1640 2St3sostridi
1080 1570 1138 1612 suo

143 1669 305 1735 tribuisse.
324 1702 328 1710 ·
349 1663 511 1732 Nolumus
532 1684 670 1746 urgere,
694 1663 786 1753 quod
811 1662 869 1730 itte
889 1662 1066 1743 Sesostris,
1097 1660 1139 1727 de

48 1770 50 1774 ¹
141 1808 209 1873 quo
235 1779 427 1865 Herodotus
461 1773 589 1845 locutus
622 1796 689 1875 est,
721 1777 843 1845 Sethos
868 1800 943 1845 ¹esse
975 1777 1137 1856 videatur,

93 1983 98 1991 ι
140 1898 263 1988 quiin
293 1893 405 1962 seculo
438 1899 479 1966 14
507 1894 660 1984 proxime
690 1912 767 1986 post
796 1897 919 1963 exitum
945 1891 1136 1960 Judaeorum

79 2021 83 2034 '
138 2013 297 2095 regnavit,
323 2028 356 2076 et
379 2011 437 2099 qui
459 2011 568 2102 itaque
587 2008 808 2077 institutiones
829 2010 977 2101 Josephi,
1001 2030 1137 2098 per-se·

139 2127 301 2194 ditionem
322 2143 357 2190 et
375 2125 461 2191 bella
484 2127 648 2208 turbatas,
670 2123 1054 2195 restaurando-auctoris
1067 2121 1139 2189 ltu·

139 2241 218 2310 dem
238 2242 300 2307 sibi
315 2265 508 2331 comparare
532 2242 627 2309 facita
644 2243 810 2332 potuerit,
831 2245 911 2307 natis
932 2265 987 2307 res
1010 2242 1053 2305 ab
1075 2264 1137 2306 sn·

50 2342 53 2347 ⁵
140 2359 283 2448 tiquiore
309 2355 609 2447 Sesostridegestae
632 2380 707 2424 eum
728 2346 1030 2426 hirsuta-sethona
1053 2380 1136 2425 eou-
1187 2366 1191 2371 ’

121 2453 395 2554 inridebantur,
417 2472 466 2538 itti
485 2490 575 2559 'ergo
615 2472 682 2540 diu.
708 2491 787 2541 ante
817 2474 967 2564 tempore
999 2472 1135 2563 Josepbi

137 2591 306 2674 regnanti,
339 2592 399 2656 ista
415 2591 479 2656 'rei
508 2592 643 2673 agrariae
672 2614 750 2657 eura
786 2569 924 2657 fortasse
959 2589 1135 2655 tribuenda

87 2783 91 2787 .
137 2724 197 2771 est.
241 2707 443 2802 Quicunque
461 2714 540 2773 v‘ero
560 2704 617 2770 ille
628 2703 786 2774 Sesostris
800 2729 870 2773 esse
880 2721 1028 2797 putetur,
1049 2728 1135 2795 pro·

137 2821 247 2888 babile
264 2839 372 2887 tamen
385 2822 522 2890 omnino
545 2837 603 2902 eat,
627 2823 808 2913 Josephum
827 2845 961 2912 quoque
979 2819 1024 2886 de
1036 2822 1135 2905 ¹agri-

137 2936 271 3016 culture¹
294 2935 431 3028 AEgypti
457 2939 542 3003 bene
569 2937 744 3018 meruisse,
774 2938 937 3004 institutis
960 2939 1132 3029 utriusque

77 3086 86 3097 „
136 3068 251 3142 postea
272 3053 309 3116 iu
327 3050 520 3119 alterutrum
545 3052 653 3122 solum
677 3053 851 3123 translatis.
889 3055 974 3122 Nam
988 3053 1134 3144 quodatl

136 3165 319 3256 losephu'tu
347 3169 482 3256 attinet,
516 3193 629 3256 magua
662 3174 711 3256 rei
734 3168 953 3260 probabilitas
979 3171 1132 3236 satiate-

135 3281 327 3347 stimonium
357 3284 520 3374 Artapani
554 3290 776 3357 corroborare
808 3272 948 3356 vitietur.
996 3287 1072 3377 Ipsa
1097 3285 1131 3353 S.
1168 3310 1171 3319 ·

134 3398 169 3465 S.
190 3415 223 3465 et
243 3398 387 3464 fructum
408 3423 494 3467 curae
509 3403 649 3496 Josephi
670 3402 952 3481 commemoravit,
978 3419 1011 3468 et
1024 3400 1132 3468 simil·

134 3513 219 3584 liruae
243 3515 425 3583 Pharaonis
456 3539 543 3584 curae
573 3502 870 3589 mentionau'nou
900 3518 1029 3594 omisit;
1062 3535 1131 3584 ete·

135 3803 179 3866 ⁹⁵)
198 3771 253 3856 ¹Per
271 3803 355 3856 Alex.
374 3792 438 3858 Po‘t.
458 3810 489 3859 iu
508 3807 606 3863 Euteb.
623 3807 711 3877 Prap.
730 3806 792 3874 IX,
812 3813 856 3868 23.

134 3891 147 3923 ⁹
153 3892 178 3956 ⁶)
198 3894 338 3975 losephus,
357 3901 407 3964 qui
425 3898 565 3951 sollicitus
582 3900 703 3967 gloriam
721 3916 840 3952 suorum
858 3895 1063 3975 traditionibus
1079 3913 1130 3950 au-

71 3972 74 3981 “
158 4062 163 4077 ,
202 3992 267 4048 gere
288 3985 375 4051 solet,
392 3986 426 4040 de
447 3987 573 4058 Josepho
591 3991 632 4047 ait
651 3989 752 4043 habuit
773 3989 934 4049 addendum
951 3988 998 4058 11,
1018 3994 1045 4052 5.
1062 3996 1089 4047 t.
1125 3976 1128 3981 ι
