2558 4538
569 288 572 295 ’
674 299 745 374 lto

212 506 385 577 admodum
420 508 453 575 S.
475 507 509 574 S.
530 506 564 570 in
589 505 730 573 -histoaia
753 503 927 570 Abrahami
948 527 1078 598 semper
1108 507 1212 579 solius

212 625 387 694 Abrahami
425 623 588 707 meminit,
638 646 739 714 quum
776 639 883 688 tamen
917 619 975 688 ille
1012 636 1077 700 318
1120 628 1214 696 viros

150 728 158 792 Ῐ
211 745 353 825 duceret,
376 743 423 810 sic
445 758 576 832 qnoque
594 740 741 823 dnobus,
759 736 821 804 filii
839 755 872 805 et
891 756 1026 830 nepotes
1047 739 1113 808 hoo
1134 739 1214 814 loco

101 878 116 953 κ’
211 860 274 930 soli
320 864 355 926 in
392 863 571 949 AEgyptum
611 855 854 950 proficiscentes
877 877 1214 945 ‘commemorantum

211 979 364 1070 quoniam
397 999 476 1044 vero
504 973 614 1042 omnia
634 983 700 1041 ‘sua
728 976 801 1061 (46,
832 972 867 1055 1)
899 995 1009 1056 secum
1031 973 1214 1046 adduxisse

211 1096 381 1174 dicuntur,
405 1111 471 1161 tota
492 1089 637 1173 colonia,
660 1113 758 1182 quam
777 1113 796 1155 e
815 1091 1054 1182 Mesopotamia
1073 1076 1214 1164 taedam

211 1212 360 1295 duxerat,
402 1229 434 1276 et
469 1210 513 1311 ii,
555 1207 672 1298 quibus
703 1205 832 1275 colonia
860 1206 896 1272 in
923 1204 1092 1274 Palaestina
1123 1226 1215 1280 aneta
1249 1264 1256 1276 .

17 1363 19 1370 >
105 1334 107 1340 ’
210 1348 296 1413 erat,
311 1369 319 1377 -
337 1329 373 1393 in
396 1329 576 1418 AEgyptum
601 1326 791 1410 migrarunt.
832 1324 901 1391 Nec
930 1320 1213 1396 Palaestinensibns

211 1471 286 1513 eum
303 1445 450 1513 Hebraeis
473 1443 671 1528 conjunctis,
693 1464 835 1508 accessus
855 1438 1041 1533 praeclusus*
1050 1443 1214 1536 putandus

211 1583 277 1647 est,
320 1563 443 1654 quippe
477 1561 534 1652 qui
569 1560 618 1625 rei
653 1558 811 1651 pecuariae
840 1536 975 1649 AEgjpti
1006 1582 1088 1626 non·
1104 1562 1213 1629 minus

211 1680 368 1774 prodesse
389 1694 536 1771 possent3
568 1675 651 1742 ianae
671 1698 751 1742 vero
774 1692 920 1760 urgente,
943 1699 1043 1766 quum
1064 1675 1216 1782 palasea

211 1822 326 1864 nenses
349 1800 413 1883 jam
440 1793 564 1860 dudum
588 1817 627 1859 ex
647 1795 791 1884 AEgypto
824 1791 1022 1863 frumentum
1049 1811 1211 1886 peterent,

213 1923 285 1999 (42,
318 1921 353 1997 5)
385 1912 473 1978 hand
501 1912 596 2004 pauci
627 1933 701 1978 oum
720 1909 866 1976 Hebraeis
884 1896 1051 1995 abierint,
1081 1935 1213 1980 necesse

154 2025 158 2033 ’
213 2049 270 2097 est.
319 2032 411 2120 Quot
439 2053 519 2096 vero
550 2027 687 2111 suerint,
724 2028 782 2119 qui
804 2028 853 2093 ita
869 2028 904 2092 in
923 2029 1104 2120 AEgyptum
1127 2054 1212 2123 pro.

200 2145 286 2210 --fecti
317 2163 407 2225 sunt,
444 2132 575 2210 definiri
601 2143 732 2236 nequit:
776 2143 891 2211 domus
911 2144 1031 2211 Jacobi·
1054 2148 1142 2214 circa
1170 2161 1213 2225 70

213 2265 301 2329 viros
341 2261 541 2345 continebat,
588 2258 664 2328 licet
701 2258 779 2342 alibi
816 2258 909 2329 aliter
941 2259 1058 2335 calculi
1096 2266 1212 2332 inean-

213 2399 277 2448 tur.
319 2383 456 2462 (Textus
496 2378 664 2446 Hebraens'
684 2389 728 2452 ’70
767 2396 929 2470 numerat,
983 2376 1211 2453 alexandrinus

105 2483 111 2489 ⁸
212 2511 273 2581 75,
319 2497 451 2590 Josaph.
482 2505 539 2576 70)
601 2494 636 2561 Si
665 2493 718 2561 his
739 2520 857 2562 uxores
880 2513 912 2562 et
933 2492 1009 2561 filia
1031 2497 1136 2578 (Gen.
1159 2512 1212 2584 37,

211 2617 270 2695 35)
309 2613 422 2681 saltem
460 2611 597 2679 totidem
633 2594 812 2699 adduntur,
859 2611 974 2679 domus
1010 2615 1122 2681 Jacobi
1150 2623 1213 2692 140

211 2731 361 2798 homines
403 2730 600 2796 numerabat.
676 2729 720 2794 Et
761 2730 916 2819 quoniam
944 2729 1081 2796 Jacobas
1116 2730 1212 2800 c'olo·

212 2848 300 2912 niam
321 2859 404 2923 1500
437 2846 609 2913 hominum
638 2846 673 2911 in
695 2843 896 2924 Palaestinam
922 2844 1069 2929 duxerat,
1116 2873 1153 2914 ea
1177 2850 1210 2915 in

212 2966 316 3048 tertia,
351 2948 422 3054 queo
444 2981 513 3030 tum
534 2981 701 3054 coeperat,
732 2964 938 3049 generatione
956 2953 1059 3042 (Gen.
1081 2977 1142 3049 30,
1175 2976 1212 3046 0)

208 3063 253 3145 ad
280 3093 365 3154 3000
398 3076 450 3145 vel
478 3088 566 3154 4000
591 3074 705 3162 'augeri
738 3079 950 3172 potuerat3⁶)
1004 3080 1032 3144 si
1063 3079 1115 3146 his
1148 3079 1212 3146 ali-

213 3211 293 3284 quot
316 3194 466 3260 Cauanaei
499 3213 766 3274 annumerantur,
813 3194 907 3262 sacile
935 3192 1065 3263 colonia
1083 3188 1211 3293 'homi-

211 3336 292 3378 num
313 3323 398 3393 5000
419 3313 454 3377 in
477 3312 655 3404 AEgyptum
676 3314 816 3398 ingressa
840 3331 998 3382 censetur.

164 3743 167 3750 Ι
233 3673 258 3739 ⁵)
283 3669 437 3740 Analogia,
458 3686 542 3739 quam
561 3671 663 3724 domus
679 3668 780 3738 saraba
798 3666 913 3742 prabet,
931 3675 1055 3726 utimur:
1084 3670 1210 3726 Iacobus

282 3779 348 3816 oum
374 3768 410 3822 12
433 3760 502 3815 filiis
520 3760 685 3815 Habronem
709 3765 808 3827 venit,
838 3774 869 3817 et
886 3769 962 3833 70³¹·
979 3763 1064 3827 abiit,
1096 3779 1168 3839 ergo
1186 3767 1212 3817 si

281 3860 335 3914 500
359 3855 425 3916 viri,
442 3868 514 3920 quos
534 3853 635 3917 duxit,
653 3853 679 3921 (5
697 3856 745 3922 33)
763 3871 841 3923 sque
858 3861 935 3911 aucti
954 3865 1043 3920 eraut,
1055 3851 1122 3908 'sare
1140 3859 1213 3914 3000

282 3944 462 3998 ePalaastina
488 3942 593 3997 ducere
618 3949 714 4014 potuit
730 3957 831 4016 prater
848 3963 913 4013 sot,
944 3951 1044 4016 quiin
1061 3943 1210 4002 Palaestina
1238 3931 1245 3946 ’

283 4033 317 4085 ad
337 4049 401 4089 eum
422 4046 604 4090 accesserant.
1093 4048 1100 4056 “
