2558 4538
558 296 607 371 tt

82 507 211 584 haeret,
239 518 275 568 ut
296 501 427 567 initium
449 499 596 582 ejusdem
620 520 722 591 petrea
747 521 870 582 unum,
900 501 975 569 finia
999 524 1078 575 tero

86 641 189 711 penca
211 616 350 687 altarum
375 597 653 706 deprehendatur,
684 632 775 684 tanto
797 615 970 687 intervallo
991 619 1081 690 inti·

87 759 160 802 cem
184 735 320 814 dimota,
346 749 505 824 quantum
525 732 597 821 ipsa
616 734 717 799 aerios
738 733 858 824 poscit.
908 746 915 767 “
1000 772 1003 779 ·

177 852 297 928 Manca
324 873 403 917 vero
428 826 564 937 lriatoria
585 846 778 940 AEgyptiaca
806 849 904 920 nobia
928 848 1080 917 traditur.

87 965 172 1051 Nam
195 988 273 1035 cnm
293 964 486 1032 Herodorus
506 981 540 1030 et
562 963 816 1032 Diodornanec
835 965 994 1052 integram
1017 989 1080 1036 nee

87 1081 166 1148 aatie'
195 1080 381 1148 ordinatam
400 1080 524 1146 'rerum
544 1097 708 1166 gratarum
735 1083 956 1149 narrationem
982 1083 1082 1150 exhi-

88 1197 181 1278 hent,
200 1213 351 1265 curantes
372 1195 474 1280 magia
487 1196 666 1286 AEgyptnm
686 1198 883 1282 describere,
907 1221 1006 1291 quant
1023 1200 1080 1266 hi·

87 1313 224 1378 atoriam
252 1310 398 1396 ejusdem
427 1329 617 1401 pertexere3
662 1331 730 1382 tum
759 1315 886 1397 lontea,
916 1315 1079 1405 equibus

88 1425 275 1496 ordinatior
290 1426 427 1495 historia
449 1427 630 1495 haurienda
652 1431 895 1521 eranperiere,
916 1431 1079 1522 anperati·

33 1543 41 1551 ’
89 1544 179 1610 ulrua
197 1542 266 1609 lere
287 1538 367 1611 solie
386 1543 577 1612 nominibua
595 1567 711 1628 regum
729 1562 762 1612 at
778 1547 871 1611 annia
889 1566 1079 1628 regnorum,

90 1675 127 1725 et
149 1659 240 1750 queri
255 1683 319 1750 per
341 1659 536 1726 miraculum
559 1659 626 1726 dno
648 1659 846 1745 fragmenta,
870 1681 944 1750 quoe
966 1676 1081 1729 eventa
1117 1716 1121 1724 .

90 1775 163 1842 snae
183 1774 384 1858 describunt,
407 1777 562 1861 injuriam
585 1776 744 1866 temporie
767 1764 950 1842 eraserunt.

179 1888 328 1977 Catalogi
355 1913 470 1981 regum
502 1909 534 1959 et
565 1914 728 1959 annorum
758 1915 799 1958 ex
828 1914 931 1983 opere
959 1891 1082 1958 Mane·

91 2007 202 2073 taonis
219 2006 261 2072 ab
284 2004 459 2095 Africano
480 2026 513 2078 et
532 2007 676 2075 Eusebio
697 2008 844 2100 excerpti
866 2024 953 2091 aunt,
978 2031 1082 2099 quum
1176 2097 1180 2103 Ι

25 2196 32 2201 ,
92 2145 172 2190 vero
201 2119 477 2215 chronographiae
504 2125 627 2198 horum
659 2120 912 2191 duumvirornm
944 2126 1083 2192 interie-

91 2239 176 2319 rint,
206 2263 269 2331 per
291 2233 488 2325 Synccllum
516 2240 625 2309 aolntn
657 2241 868 2324 constabant,
896 2242 1002 2308 donec
1021 2265 1083 2332 per

91 2354 396 2446 interpretationem
421 2356 572 2424 chronici
592 2354 771 2423 Eusebiani
786 2358 997 2436 Armenicum
1021 2381 1083 2423 ex-

92 2486 206 2561 cerpta
227 2470 369 2537 Eusebii
388 2472 508 2539 iterum
527 2472 717 2538 ‘immediate
741 2475 967 2560 innotuerunt.
1013 2473 1083 2542 Nec

92 2603 201 2652 tamen
222 2585 344 2652 multus
367 2585 492 2652 sructna
513 2611 554 2652 cr
571 2589 907 2679 comparationenejua
926 2611 1002 2654 cum
1023 2613 1084 2654 ex-

91 2698 216 2791 cerptir
238 2700 389 2786 Syncclli
417 2699 598 2782 redundat,
635 2702 766 2768 numia
799 2718 887 2768 tanta
914 2725 990 2769 enm
1018 2702 1085 2770 fide
1130 2720 1134 2771 ζ
1179 2720 1186 2726 “

93 2816 195 2886 verba
211 2812 352 2901 Eueelqii
369 2813 572 2897 reddiderat,
596 2833 633 2882 nt
653 2814 702 2881 nil
725 2817 802 2884 novi
823 2839 864 2882 ex
887 2818 961 2908 ipro
983 2818 1086 2886 chro-

92 2933 170 3020 nico
200 2933 269 3023 peti
302 2947 334 2997 et
362 2930 464 2999 modo
491 2954 596 3021 pauca
629 2930 798 2997 emendari
831 2934 972 3023 poaaint.
1027 2937 1084 3001 lati

92 3062 199 3113 antem
219 3071 332 3134 regum
354 3045 493 3133 catalogi
510 3049 648 3116 omnino
664 3072 732 3115 non
752 3045 979 3140 vilipendendi
998 3067 1086 3143 aunt,

92 3185 163 3231 non
182 3163 289 3253 aolum
311 3163 403 3256 quod
426 3167 547 3256 passim
567 3190 621 3232 rea
646 3163 763 3254 aliquae
784 3165 1086 3250 historicae-nomi-

92 3278 190 3347 nibus
212 3303 324 3366 regum
348 3279 532 3362 adduntur,
563 3281 741 3365 sedetiam
766 3283 843 3369 quia
873 3283 921 3350 sic
943 3285 1086 3351 rationea

93 3395 179 3462 inire
208 3394 286 3462 licet
316 3415 348 3464 ct
378 3414 526 3488 tempora
555 3397 715 3463 extricare
739 3386 933 3480 eventuum,
965 3399 1085 3488 quibua
1120 3420 1123 3427 ’

95 3509 203 3578 eidem
233 3537 324 3599 roger
353 3514 538 3589 interlnieae
562 3513 729 3579 dicuntur.
782 3512 906 3580 Praeter
932 3512 1088 3602 reliquiar
1192 3579 1195 3585 ,

95 3630 207 3718 operia
230 3630 440 3711 Manetboaia
470 3627 527 3693 alii
552 3626 619 3695 duo
647 3629 754 3696 sontea
785 3651 900 3712 regum
922 3643 956 3694 et
978 3648 1088 3691 anno·

74 3738 181 3817 ,rutn'
197 3743 360 3830 catalogos
393 3746 584 3811 continente
619 3741 885 3833 chronographia
926 3739 1087 3830 quaedam‚

102 3857 141 3927 V
137 3864 211 3926 etu'a
219 3859 406 3926 Claronicon
429 3859 526 3939 dicta,
549 3875 581 3926 et
598 3859 699 3925 series
719 3879 834 3941 regum
842 3855 1088 3924 Thebaicorum
1138 3847 1140 3851 ’
1228 3883 1233 3891 ·

96 3975 137 4056 ab
161 3975 382 4043 Eratosthene
398 3967 614 4064 ¹conaoriptu3
651 3971 709 4039 scd
736 3973 892 4061 quoniam
922 3969 1006 4041 illud
1029 3966 1116 4065 nec-
