2558 4538
478 296 483 309 ’
587 321 680 397 roo

146 553 205 597 nec
228 529 448 621 improbabile
468 544 525 610 est,
556 529 692 596 arbores
717 526 874 616 quasdam
899 527 1144 616 antiquissimas

87 628 90 633 Δ
145 648 177 712 in
203 642 291 712 lucu‘
304 648 432 713 Mamre
453 647 495 711 ab
508 623 710 711 'Abrahamo
732 624 913 730 appellatas
934 665 1018 706 esse.

190 776 195 783 ’
232 759 298 827 Sed
329 784 465 853 quoque
490 777 580 826 extra
601 756 806 824 Palaestinam
831 754 1142 827 Abrahamus'snos

144 878 273 944 duxisse
297 873 582 956 dieitur;·ine‹lia
613 875 701 940 enim
725 859 916 956 ingruente,
948 874 985 938 in
1008 874 1142 969 AEgyp-

144 1013 213 1059 tum
223 992 392 1084 proiectus
405 1008 463 1059 est.
494 992 563 1058 Nee
575 1006 695 1081 praeter
705 989 909 1078 opinionem·
922 1012 998 1054 eum
1009 990 1141 1082 AEgyp.

20 1159 23 1164 -
144 1127 212 1175 tum
224 1126 337 1200 petere
357 1106 527 1185 videmus3
556 1103 706 1170 fertilitas
720 1105 854 1197 AEgypti
867 1105 902 1169 in
918 1121 987 1173 toto
1000 1109 1139 1197 antiqno

143 1225 225 1292 erbe
242 1222 362 1314 inclyta
373 1240 455 1304 eret,
482 1226 539 1308 ⁴¹)
553 1245 614 1288 uec
627 1218 872 1288 Palaestinenses
884 1218 990 1300 latuit,
1012 1222 1140 1314 quippe

142 1363 286 1431 quorum
302 1364 380 1432 pars
402 1364 471 1407 non
491 1340 623 1405 minima
646 1363 686 1404 ex
706 1340 852 1437 AEgypto
876 1339 910 1403 in
931 1336 1138 1406 Palaestinam

144 1457 304 1539 venisset3
319 1431 355 1541 (ξ
363 1463 420 1535 21)
437 1457 567 1548 ipsique
575 1472 687 1546 postea
704 1453 781 1520 inde
799 1442 965 1521 annonam
982 1454 1150 1545 petebam

142 1567 245 1652 (Gen.
265 1580 318 1652 42,
340 1570 394 1661 5);
437 1574 599 1664 AEgyptus
621 1593 755 1662 quoque
777 1572 959 1659 peregrinis
982 1571 1133 1661 patebat3

141 1711 219 1779 pens
241 1687 527 1757 tcrrae'orientalis
549 1686 726 1778 paludibus
751 1702 784 1751 et
806 1686 935 1777 pascuis
955 1684 1057 1776 plens
1077 1704 1134 1765 eat,

98 1869 102 1875 .
140 1823 178 1877 et¹
193 1804 381 1897 pastoribus
398 1804 550 1870 Arabicis
571 1804 689 1895 saepius
712 1823 863 1868 concessa
884 1819 942 1868 est.
959 1805 1015 1881 ⁴²)
1059 1804 1134 1869 Non

140 1923 262 1987 mirum
285 1942 384 2005 ergo,
414 1917 551 1987 colonos
575 1917 789 1985 relationibus
810 1915 1041 2002 indigenarum
1061 1942 1133 1987 mo·

141 2055 210 2117 tos,
234 2036 346 2102 forsan
370 2048 403 2100 et
425 2030 613 2122 exemplum
634 2056 749 2101 corum
772 2052 919 2109 secutos,
943 2035 979 2099 in
1001 2008 1131 2129 AEgyp-¹

19 2236 21 2241 Ι
142 2171 210 2216 tum
240 2151 425 2216 tetendisse.
474 2148 588 2238 Quum
626 2172 704 2218 vero
738 2152 807 2234 lraee
842 2175 895 2217 res
931 2175 994 2218 nce
1024 2156 1132 2239 magni

140 2267 297 2334 momenti
319 2282 412 2346 esset,
436 2287 497 2332 nec
519 2283 640 2355 praeter
654 2258 787 2332 solitum
809 2268 965 2348 eveniret,
990 2292 1062 2335 non
1074 2293 1132 2334 ex-

140 2380 357 2473 spectandum
382 2398 448 2462 est,
482 2381 659 2448 adventum
684 2354 863 2448 Abrabami
893 2386 929 2449 in
959 2374 1131 2451 annalibus

141 2496 376 2590 AEgyptiorum
413 2498 686 2576 commemorari,
724 2498 788 2564 nisi
820 2495 947 2588 aliquid
977 2523 1130 2585 magnum

138 2640 200 2708 per
214 2613 357 2681 eundem
368 2612 625 2705 iactumiuisset.
669 2613 712 2680 Jd
723 2610 857 2703 quidem
869 2615 967 2681 etiam
979 2634 1010 2683 et
1021 2617 1130 2684 Graeci

139 2733 365 2822 (Eupolemus
395 2747 428 2796 et
449 2733 652 2819 Artopnnns
672 2722 780 2820 Prnp.
803 2729 887 2795 Eua.
908 2732 967 2812 IX,
991 2743 1044 2807 17.
1066 2740 1129 2815 18.)

136 2865 170 2915 et
186 2848 350 2937 Joaeptma
370 2844 490 2927 (Arch.
510 2859 540 2926 1,
556 2860 588 2927 8,
604 2849 654 2930 2.)
678 2845 857 2929 affirmant3
884 2846 1019 2914 tradunt
1029 2851 1126 2928 enim,

137 2962 363 3030 Abrabamum
386 2984 495 3047 regem
513 2961 742 3051 populumque
765 2964 1001 3030 astronomiam
1022 2966 1127 3032 arith-

137 3080 288 3144 meticam
312 3074 446 3143 stelias
471 3091 556 3143 artes
581 3075 731 3143 docuisse
753 3079 819 3160 ⁴³).
866 3078 932 3147 Sed
961 3099 996 3148 et
1026 3081 1126 3150 ailen-

206 3301 278 3361 λειω.
310 3300 423 3357 Nomen
447 3299 575 3376 Ὠγιῖχης,
604 3304 683 3375 quod
709 3322 763 3361 nec
785 3309 816 3360 in
841 3300 923 3362 teratu
947 3308 1045 3378 hebr„
1075 3328 1125 3367 aee

206 3392 283 3462 apud
299 3391 512 3449 Alexandrinos
532 3399 673 3462 occurrit,
692 3397 811 3467 probat,
828 3397 986 3469 Joaephuu
1005 3401 1036 3457 b·
1052 3403 1074 3460 l.
1089 3419 1125 3458 ax

205 3488 323 3555 propria
338 3490 516 3556 experientia
533 3485 651 3540 referre.

133 3575 181 3646 ⁴¹)
200 3575 522 3644 Tanquamfertilltatla
546 3579 711 3649 exemplum
734 3579 767 3632 in
783 3581 845 3649 ipat
862 3579 934 3636 Gen.
959 3587 1004 3649 13,
1021 3590 1126 3646 10110·

204 3672 338 3722 minatur.

133 3753 180 3821 ⁴²)
197 3755 352 3826 Postquam
374 3752 507 3811 Saraceni
531 3758 692 3827 AEsyptum
725 3773 945 3829 occupaverant,
972 3766 1004 3817 in
1029 3765 1124 3820 medic

203 3863 263 3899 aevo
281 3862 354 3917 saepe
372 3856 518 3916 pastorum
543 3846 631 3902 turbe
654 3849 873 3921 confluxerunt,
904 3852 979 3907 adeo
1002 3866 1036 3909 ut
1060 3871 1125 3924 reg·

198 3950 269 3989 num
290 3935 326 3990 ab
344 3941 386 3991 ela
405 3937 625 4006 periclitaretur.

131 4022 177 4088 ⁴⁸)
197 4019 437 4097 Iosepbua‘Arch.
456 4035 490 4095 1,
507 4031 537 4100 θ,
553 4037 570 4091 1
588 4030 658 4086 adeo
676 4031 772 4097 tradit,
786 4029 817 4088 ld
834 4033 866 4089 lu
885 4035 1007 4093 consilio
1027 4031 1124 4090 Abra-
