2558 4538
513 354 515 359 .
591 292 674 368 ttt

138 503 201 582 sio,
224 523 257 577 se
279 519 381 563 unum
404 520 517 563 verum
535 498 640 562 Deum
664 494 791 577 colere,
814 521 885 597 cern
906 500 1046 567 excitare
1066 523 1134 591 po·

139 618 232 696 tuit,'
252 614 414 701 siquidem
435 613 561 703 antiqui
587 635 700 679 omnes
722 613 953 694 crediderunt,
979 617 1134 705 pietatem

94 719 97 729 ⁸
138 751 172 799 et
193 717 382 797 felicitatem
407 745 569 794 terrenam
584 731 765 801 necessarie
789 753 857 798 esse
879 713 1139 816 conjungendae

136 849 293 937 Deosque
331 866 407 910 suos
446 843 588 925 cultores
623 834 780 929 singulari
816 847 930 915 favore
964 848 1134 937 prosequi.

137 965 207 1031 Nec
231 961 363 1044 majoris
387 958 589 1025 difficultatis
612 977 661 1026 est
684 962 846 1051 probare,
879 963 977 1030 verbe
1002 987 1069 1030 non
1089 964 1134 1027 its

142 1104 212 1147 esse
236 1075 426 1168 premendo,
448 1075 513 1158 acsi
538 1078 626 1142 Deus
646 1078 1036 1164 immediateAbre'hamo
1050 1092 1136 1144 con*

138 1195 218 1263 silis
232 1218 289 1260 sua
312 1193 572 1269 nuntiassem„
596 1191 654 1259 scd
677 1212 786 1260 munet
805 1193 1039 1285 ‘inexplicabile
1061 1217 1135 1284 my-

97 1402 105 1416 !
141 1312 287 1388 sterium,
312 1307 481 1399 quomodo
501 1308 706 1376 Abrahamus
730 1335 824 1400 spem
846 1313 1047 1403 conceperit,
1073 1333 1134 1400 per

142 1436 219 1493 suos
242 1424 379 1492 salutem
396 1423 456 1489 toti
478 1423 588 1507 generi
604 1423 747 1493 humano
767 1428 910 1509 futuram
934 1450 1014 1509 esse.
1033 1428 1136 1505 (Gen.

142 1555 194 1622 tt,
219 1554 280 1620 133
304 1552 355 1618 18,
380 1550 440 1620 183
465 1551 516 1617 22,
540 1543 606 1616 18.)
654 1541 788 1607 Frustra
812 1543 1007 1632 interpretes
1033 1546 1134 1607 miru-

139 1657 251 1724 culum
275 1634 393 1723 lroruin
421 1655 597 1721 verborum
615 1651 737 1721 'tollere
757 1655 976 1737 studuerunt}
998 1675 1135 1722 senten·

74 1824 77 1837 ,
143 1777 184 1840 tia
205 1772 318 1864 operte
340 1790 404 1851 est,
437 1796 473 1836 es
496 1788 603 1836 autem
625 1768 828 1862 discrepata
851 1769 960 1837 multis
983 1770 1055 1865 aliis
1079 1773 1136 1861 ip·
1166 1779 1170 1793 '

140 1893 206 1957 sius
226 1891 393 1979 Geneseos
415 1887 514 1969 locis,
545 1886 601 1952 ubi
633 1886 769 1966 felicitas
794 1887 984 1955 tudaeorum
1003 1888 1136 1955 nonnisi
1199 1885 1202 1890 ’

142 2031 202 2098 per
229 2006 479 2096 oppressionem
509 2002 648 2087 oliorum
677 2007 868 2089 contingere
895 1998 1021 2071 ¹dicitur
1053 2027 1082 2070 r.
1106 2027 1135 2070 c.

143 2135 194 2201 15,
220 2135 278 2200 183
309 2133 361 2199 22,
387 2131 499 2194 17-18.
532 2118 687 2187 ''Etenim
715 2123 752 2186 in
783 2122 918 2188 historie
942 2116 1136 2198 Abruhemi,
1210 2131 1213 2136 ’

143 2239 248 2328 qualis
274 2239 307 2301 in
328 2237 450 2303 Genesi
472 2254 600 2302 narrata
624 2255 690 2315 est,
708 2217 864 2330 'duplicis
886 2233 1137 2328 exspectationis

106 2392 110 2396 ·
145 2353 373 2420 diversissirnae
397 2349 554 2417 elementa
580 2359 802 2433 continentur,
827 2377 889 2418 unu
913 2369 962 2418 cst
984 2352 1137 2434 eguistico

74 2469 76 2474 ’
144 2487 176 2536 et
198 2467 415 2558 particular-is,
439 2467 540 2532 altere
562 2463 688 2534 excelsu
705 2485 737 2534 et
761 2454 963 2534 universalis.
1017 2467 1138 2548 Negari

102 2580 106 2591 ’
145 2584 280 2676 qpirlem
301 2581 425 2667 nequit,
458 2582 588 2680 vestigia
616 2584 712 2666 liujus
736 2582 1137 2669 exspectationis'sctnper

145 2723 232 2765 nexu
255 2698 395 2783 abrupto
417 2710 473 2757 sut
491 2695 656 2784 impedito¹
667 2694 798 2780 adjungi
807 2721 826 2776 's
844 2717 919 2759 nam
943 2674 1140 2761 antecedunl
1194 2712 1203 2733 ’-

147 2831 202 2892 sut
221 2811 400 2877 succedunt
420 2811 542 2900 ubique
559 2808 632 2889 ulie,
659 2834 732 2901 quae
759 2811 801 2875 ud
825 2807 1139 2901 particularemlu·

148 2928 295 2997 durorum
320 2949 411 3017 spem
434 2927 612 3016 pertinent,
635 2929 680 2993 ita
703 2943 738 2991 ut
761 2923 967 3002 universalia,
991 2926 1141 2991 oratione
1220 2946 1226 2954 ’

148 3044 246 3125 silva,
282 3043 352 3110 tolli
376 3046 512 3133 possint.
564 3042 787 3110 Nihilominus
810 3039 930 3132 procul
951 3042 1041 3109 abest
1063 3043 1141 3134 opi-

127 3163 226 3240 nio,
266 3144 378 3226 euclem
410 3184 427 3223 a
459 3163 635 3229 recentiori
663 3163 777 3239 ntsnu,
814 3157 1141 3226 sorsan‘collc'ctoris

149 3276 371 3355 Pentateuchi,
393 3275 504 3341 addita
529 3299 617 3356 esse3
648 3300 723 3367 nam
743 3274 912 3366 quomodo
935 3276 982 3342 sic
1003 3276 1038 3340 in
1060 3261 1157 3340 reli-⁴

150 3394 223 3484 quis
247 3390 579 3470 Pentateucltiiflibris
603 3417 645 3459 ne
666 3408 749 3460 unus
771 3393 906 3486 quidem
928 3390 1020 3460 locus
1044 3390 1141 3458 addi-

150 3553 418 3570 *uu-

152 3645 198 3711 7')
216 3641 354 3703 Memorio
373 3644 490 3711 dignum
510 3637 574 3708 est,
593 3646 670 3722 quod
689 3650 781 3699 oratio
802 3641 1076 3712 sepius‚ubi1leus
1098 3646 1141 3698 lo-

218 3751 307 3803 quens
333 3735 495 3797 inducitur,
532 3755 547 3788 e
573 3749 647 3790 recta
673 3742 705 3788 in
729 3736 896 3798 indirectum
921 3745 1045 3805 mutatur
1068 3753 1100 3809 t.
1117 3757 1141 3794 c.

221 3824 293 3878 Gen.
311 3828 355 3891 18,
373 3831 407 3886 19
424 3835 585 3893 ”cognosco
605 3844 680 3891 eum,
699 3827 774 3895 quod
794 3828 916 3894 posteris
935 3825 1142 3881 viann‘tehovae

219 3916 383 3969 tenendam
404 3915 511 3983 tradet,
539 3928 569 3970 ut
586 3918 695 3972 Jehors
714 3915 878 3970 Abrehemo
895 3915 1039 3983 conferat,
1063 3906 1143 3988 quod

111 4069 115 4075 Ι
220 4012 246 4057 ei
268 4008 449 4074 promisit-''-
720 4009 722 4013 ’
