2558 4538
628 287 700 362 tos

165 492 428 576 indigenaearma
438 496 608 584 ceperunt.
631 491 837 559 Abrabamus
852 497 1030 562 exercitum
1043 499 1159 579 danim

164 603 434 675 coloni'uumero
450 620 528 682 ’318
551 614 664 688 erant,
707 610 788 674 socii
817 632 894 676 vero
920 602 996 678 suos
1011 613 1161 689 ,duxisse

6 732 44 757 ”
128 770 139 787 ι
164 722 338 804 videntur3
373 748 448 790 nam
473 728 576 816 quum
605 724 718 815 praeda
749 725 927 793 dividenda
951 745 1035 793 esset
1056 731 1160 808 (Gen.

163 845 221 920 14,
237 845 292 920 24)
323 864 401 931 pars
424 841 602 908 Abrahami
633 857 665 906 et
688 839 818 907 familias
842 842 944 931 ipsius
973 847 1159 934 opponitur

155 957 250 1043 parti
270 954 406 1034 iliorum
420 964 582 1047 ¹tanquam
598 979 661 1021 una
683 957 798 1045 tribus,
819 955 911 1044 quod
933 961 1065 1026 nonita
1086 961 1158 1028 sae·
1183 1020 1190 1039 ¹.

108 1048 110 1052 ι
163 1074 232 1137 tutia
262 1071 396 1150 suisset,
438 1050 466 1138 si
492 1071 655 1139 triumviri
678 1068 734 1136 ‘illi
763 1069 825 1137 soli
859 1072 1159 1154 signa-'Abrahami

72 1200 74 1205 ’
162 1190 263 1254 secuti
287 1205 404 1253 essent.
446 1182 686 1254 Abrahamus
676 1202 786 1277 itaque
808 1209 883 1253 cum
905 1189 1064 1255 militibus
1088 1178 1160 1260 sere

85 1392 88 1397 .
155 1275 251 1369 'mille
273 1302 443 1394 profectus
467 1320 526 1382 est,
549 1327 610 1369 nee
634 1303 744 1371 minor
765 1303 876 1394 itaque
897 1270 1058 1372 exercitius
1082 1307 1157 1389 snit,

128 1433 130 1437 ·
161 1442 259 1508 quarn
291 1435 326 1484 ut
355 1416 506 1509 Assyrios
537 1436 639 1486 noctu
671 1440 848 1511 oppressos
887 1418 1000 1506 fugate
1031 1408 1157 1519 posset.

92 1568 104 1583 ··
153 1537 359 1627 ‘Assyrios
326 1557 458 1608 securos
479 1534 653 1601 redeuntes
674 1559 743 1602 non
765 1532 883 1626 procul
905 1559 925 1601 a
946 1533 1067 1602 finibus
1091 1537 1157 1628 Sy-

153 1647 215 1718 lriae
239 1655 352 1718 nactus
384 1668 450 1732 est,
485 1668 534 1732 et,
568 1652 633 1716 suis
658 1651 785 1730 divisis,
822 1644 1094 1743 impetumscoit.
1103 1659 1157 1737 ⁶⁶)

158 1763 271 1836 Castra
294 1785 326 1834 et
347 1765 459 1858 praeda
482 1766 601 1834 victori
625 1782 804 1832 cesserunt

210 1882 484 1952 Generositatis
513 1859 767 1960 documentum,
816 1883 908 1974 quod
933 1884 1153 1968 Abrahamns,

156 2017 232 2092 pos-t
246 1995 413 2091 proelium
433 1995 548 2079 edidit,
563 1993 774 2101 ⁸aliquantum
795 1995 890 2064 aliter
907 1983 946 2064 in
968 1997 1040 2066 aliis
1063 2000 1155 2069 rela-

155 2115 301 2181 'tionibas
326 2127 489 2178 narratur.
530 2115 574 2180 V.
597 2114 639 2178 Τ.
663 2109 783 2195 tradit,
815 2138 892 2180 eum
915 2137 1006 2181 suam
1030 2119 1155 2206 praedae

155 2246 286 2322 partem
307 2226 494 2307 recusasse,
527 2227 737 2329 Eturolemua
757 2230 880 2320 (Praep.
904 2230 988 2296 Eue.
1011 2230 1073 2311 IX,
1099 2241 1155 2316 17)

154 2339 244 2422 uero,
269 2354 354 2428 eum,
387 2341 501 2430 legatis
524 2345 565 2409 ab
587 2345 681 2410 hoste
702 2345 826 2425 missis,
861 2347 1007 2436 captivos
1031 2350 1154 2419 Arme.

153 2463 234 2527 ιιίοιι4
251 2459 438 2528 dimississe.
462 2511 464 2516 -
492 2457 695 2549 Eupolemus
727 2460 762 2524 in
784 2460 846 2526 hac
870 2478 938 2529 tota
960 2467 1153 2534 narratione

152 2582 221 2645 noir
245 2578 347 2648 Vetus
368 2579 625 2658 Testamentum,
651 2573 718 2656 sed,
741 2577 788 2676 nti
809 2559 896 2643 infra
917 2579 1055 2670 patebit,
1078 2570 1151 2648 tra-

152 2692 293 2760 ditiones
315 2692 596 2761 Samaritanorum
620 2709 842 2773 secutuses13
877 2682 1016 2783 apparet
1036 2699 1150 2787 itaque

99 2800 103 2809 ’
151 2810 249 2892 hinc,
271 2809 368 2877 aliam
390 2811 602 2877 traditionem
625 2803 746 2886 tulisse,
769 2797 1020 2892 generositatem
1038 2810 1153 2878 Abra·

150 2926 240 2990 hami
269 2921 364 2993 aliter
382 2951 417 2992 se
438 2928 651 3006 exseruisse.¹
683 2923 749 2992 Sed
774 2947 875 3015 quum
899 2928 1028 3016 semper
1051 2951 1148 2994 max·

150 3042 207 3105 imi
226 3028 400 3107 interesset
420 3042 669 3132 generositatem
686 3039 866 3104 Abrabami
884 3039 1056 3125 celebrari,
1081 3046 1149 3110 mi-

149 3177 211 3235 nus
241 3155 402 3219 curabant
433 3156 543 3244 ipsum
574 3171 744 3255 eventum,
782 3155 933 3256 etzhand
957 3159 1147 3226 mirandum

66 3268 70 3275 “
149 3285 214 3346 est,
247 3268 466 3351 recentiorem
490 3270 792 3368 traditionemhoe
820 3271 994 3340 arbitrario
1020 3276 1147 3342 immu-

96 3447 98 3451 ,
129 3402 248 3464 tasse,
281 3383 462 3453 dummodo
493 3387 541 3455 vis
572 3388 641 3470 ejus
670 3386 784 3453 eadem
816 3376 962 3454 maneret
985 3388 1037 3457 vel
1060 3390 1146 3465 adeo

148 3503 258 3586 augeri
283 3499 459 3570 videretur.

236 3620 274 3684 [ιι
312 3620 449 3686 historia
488 3606 626 3688 coloniae
659 3607 876 3688 Hebraeorum
915 3621 980 3690 hoc
1014 3621 1146 3691 bellum

148 3911 192 3977 ⁵⁶)
214 3912 321 3980 Joseplt.
332 3909 420 3965 Areh.
439 3911 459 3974 Ι,
479 3919 521 3978 10,
538 3921 564 3976 1,
579 3912 665 3978 addit,
684 3910 879 3982 Abrahatnum
896 3918 927 3968 in
943 3901 1143 3982 quintanoete

158 4000 160 4006 '
211 4017 260 4054 eos
278 4011 391 4054 nactum
410 4017 470 4056 esse
491 4019 648 4072 serenoque
668 4016 696 4057 et
717 4010 785 4058 vino
807 4022 904 4074 graues
926 4011 1112 4076 oppressisse.
