2558 4538
425 235 799 399 ιιι·

103 484 106 488 Δ
146 502 214 569 doti
234 499 364 567 odium
372 516 484 567 contra
507 496 657 569 subulcos
677 499 765 571 solos
787 491 933 586 restabat,
947 505 979 589 ⁶)
1022 504 1146 574 factum

107 636 211 700 est,
223 630 277 683 ιιι
301 633 368 684 ιιοιι
387 617 433 683 ad
456 621 719 705 conjunctionem
744 644 817 688 cum
843 623 992 690 omnibus
1014 627 1145 716 AEgyp-
1178 683 1182 691 .

143 737 280 804 tiorum
288 711 457 802 ordinibus
480 759 571 828 teque
592 755 715 829 pateret
730 762 882 806 accessus.
929 741 1144 809 Consortium

142 853 229 922 v'ero
246 875 319 918 cum
348 853 410 934 eis,
443 854 512 943 qui
535 855 660 946 impuri
678 855 903 939 habebantur,
943 880 1012 923 non
1034 857 1142 924 minus

142 994 248 1060 quam
247 965 430 1060 'despectus
452 968 620 1055 religionis
641 989 736 1039 terrac
755 989 960 1040 contemtum
969 973 1141 1042 etodium

142 1086 288 1193 Hebraeis
319 1088 509 1154 excitabant.
566 1091 629 1154 Per
657 1088 849 1175 decursum
845 1114 1010 1158 annorum
1039 1092 1140 1177 magis

114 1271 117 1279 ,
141 1188 307 1294 magisque
332 1177 591 1291 exstinguebatur
609 1208 764 1273 memoria
778 1211 960 1299 peregrinae
978 1207 1140 1274 Hebraeo-

140 1346 214 1388 rum
238 1321 390 1408 originis,
424 1317 518 1413 atque
539 1347 557 1388 a
576 1321 794 1390 sacerdotibus
818 1342 849 1390 et
869 1325 1050 1416 AEgyptiis‚
1082 1326 1138 1417 qui

139 1463 279 1514 morum·
294 1439 477 1530 patriorum
491 1456 625 1505 tenaces
646 1459 764 1519 erant)
803 1443 839 1505 in
854 1422 972 1507 unum·
986 1440 1138 1513 ordinem

140 1582 214 1624 eum
230 1557 403 1649 ³AEgyptiis
431 1557 612 1648 pastoribus
641 1557 927 1648 computabantur,
955 1555 1137 1634 ¹communi

140 1678 273 1743 nomine
296 1677 502 1765 impurorum
524 1670 618 1739 facile
640 1672 781 1740 dicendi.

175 1845 177 1851 ι
230 1790 395 1882 Quamdiu
415 1813 507 1876 reges
528 1789 662 1882 Josephi
683 1788 936 1869 recordabantur
949 1828 954 1837 ·
968 1814 1004 1858 a:
1041 1792 1135 1858 insti-

139 1900 276 1977 tutiones
298 1904 432 1998 Josephi
453 1907 622 1989 fovebant,
657 1909 838 2000 pastoribus
860 1925 927 1975 tam
952 1906 1136 2000 peregrinis

140 2050 237 2117 quam
258 2026 427 2108 indigenis
459 2021 577 2089 multus
610 2023 702 2091 savor
735 2025 880 2110 contigit.
910 2023 1017 2090 e'aeteri
1056 2046 1134 2092 vero

138 2261 197 2325 bus
220 2258 333 2345 Gosen
352 2259 531 2349 provinciae
552 2258 639 2325 haud
663 2257 869 2341 continendi,
887 2249 994 2324 totam
1013 2275 1136 2349 terram

137 2383 355 2470 peragrarunt·
370 2357 545 2459 (Exodst,
560 2382 616 2458 7),
661 2394 701 2440 et
723 2402 783 2468 por
804 2393 889 2444 tres
910 2377 1134 2466 generationes

27 2516 33 2540 ⁸
139 2492 232 2562 lautis
255 2496 289 2560 iu
313 2493 410 2560 rebus
435 2495 471 2559 in
492 2494 694 2559 immensum·
708 2496 791 2560 aucti
813 2510 927 2573 sunt„
950 2493 993 2558 ita
1015 2510 1053 2559 ut
1068 2491 1134 2560 *de-

135 2637 224 2679 mum
246 2613 404 2677 timorem·
419 2606 590 2702 politicum
609 2628 780 2678 moverent
798 2608 919 2694 (Erod.
930 2610 954 2692 l,
965 2619 1033 2691 10).
1079 2611 1135 2678 sic

136 2731 272 2815 contigit
304 2727 522 2796 sacerdotibus
558 2751 680 2814 regem
698 2707 820 2795 novum
850 2729 885 2792 in
922 2752 992 2794 suas
1023 2746 1133 2821 partes

115 2846 272 2914 trahere.
337 2843 436 2913 ”Plus
461 2864 558 2937 quam
578 2843 681 2911 ullum
705 2846 803 2914 alium
830 2842 959 2909 laudant
982 2847 1132 2937 AEgyptii

136 2964 342 3050 (sacerdotes)
366 2960 641 3055 Mylaerinum'’²)’
684 2963 829 3044 (Herod.
854 2961 895 3044 ΙΙ,
919 2970 1018 3045 129)3
1065 2987 1131 3055 po-‚

152 3211 181 3278 6)
194 3203 244 3273 '11‚
268 3208 314 3269 474
343 3199 483 3264 Effeoerat
500 3207 619 3264 fortasse
636 3209 822 3266 Hebraeorum
839 3212 968 3273 colonia,
987 3220 1020 3262 ut
1038 3213 1149 3279 major.

200 3304 333 3355 honestas
351 3305 416 3354 vitae
437 3307 590 3371 pastoritia
614 3319 675 3356 esso
693 3315 859 3375 putaretur,
890 3318 980 3370 quum
997 3317 1069 3355 voro
1087 3299 1132 3353 illi

201 3391 337 3463 gregibus
363 3393 456 3446 suillis
479 3410 539 3447 non
563 3410 678 3464 operam
697 3396 856 3460 dedissent,
885 3402 1026 3448 manserat
1046 3396 1130 3461 igno-

199 3490 287 3540 minia
308 3483 446 3540 subulcis.
844 3554 847 3559 ἱ

149 3582 177 3647 ⁷)
196 3570 472 3648 Quod'Mykejriuus
497 3577 563 3631 heio
586 3577 692 3631 dicitur
718 3579 810 3642 idem,
844 3581 897 3645 qui
917 3571 1128 3629 aMauethono

197 3667 375 3736 Amortophis
409 3669 456 3720 vel
486 3665 640 3737 Menophis
671 3671 847 3737 appellatur,
881 3684 935 3736 pro
967 3671 1127 3720 mutatione

180 3761 300 3816 ‚Grecis
326 3759 409 3811 solita
426 3775 485 3810 uon
509 3761 594 3812 multi
619 3770 685 3813 ost„
706 3762 846 3813 Diodorus
864 3760 987 3813 eundem
1000 3752 1130 3812 'Moche-

199 3857 295 3903 rinnm
314 3850 475 3917 appellavit.
497 3857 521 3913 1,
548 3855 592 3912 ol.
627 3829 734 3906 Oinues
754 3856 785 3904 in
801 3868 836 3904 eo
855 3856 1040 3914 conveniunt,
1060 3865 1127 3903 enm

198 3941 283 3993 froom
311 3939 413 3993 lecisso
439 3943 609 4009 calamitati,
648 3960 709 4012 quaa
735 3943 788 3997 atah
806 3939 921 4012 Cheope
944 3955 973 3996 et
993 3941 1127 4007 Chabrya

198 4029 297 4087 diebus
314 4035 434 4098 pastoris
454 4028 609 4088 accidisset.
637 4098 641 4105 ι
