2558 4538
567 323 637 433 tas
731 355 734 361 =

103 527 309 622 deploramus
333 526 488 614 jacturam
511 529 766 596 antecedentium
787 553 826 600 eo
848 537 975 623 magis,
1007 539 1098 631 quod

80 650 147 721 ,sic
177 647 273 713 nobis
303 647 461 713 subtracta
494 665 541 714 cst
564 647 740 738 descriptio
762 650 983 742 oppressionis
1006 654 1097 722 indi-

59 744 63 749 *
98 787 254 850 genarum
268 763 331 831 sub
346 765 477 849 'regibus
492 764 649 856 proximis
665 780 738 830 ante
754 765 986 858 Amenopbim.
1034 770 1097 838 Hic

99 898 226 974 autem,
272 879 433 966 religione
453 898 578 964 motus,
611 880 797 948 immundos
821 906 932 950 omnes
953 909 990 952 oz
1013 884 1097 951 reli-

98 999 214 1084 gionis
232 1002 446 1065 contemtores
478 1016 510 1064 ct
536 997 686 1064 bomines
716 998 759 1065 ob
791 1000 905 1066 vitium
946 977 1095 1094 corporis
1150 1058 1154 1071 .

98 1114 254 1207 prolanos
275 1133 307 1181 et
327 1116 509 1207 impi0s21)
534 1139 572 1180 ex
596 1132 662 1182 tota
681 1118 825 1208 AEgypto
848 1113 997 1202 collegit,
1019 1142 1095 1187 eos-

100 1256 164 1324 que
194 1233 313 1324 partim
342 1231 437 1298 undis
470 1233 646 1313 immersit,
695 1234 880 1323 partimin
902 1218 1094 1326 lapicidinas

99 1351 259 1416 orientem
275 1373 385 1416 versus
405 1350 512 1429 misit,
535 1345 699 1414 laboribus
721 1350 914 1434 gravissimis
936 1375 1093 1418 exercen-

99 1465 170 1545 dos.
192 1466 394 1559 Remissione
411 1463 560 1532 laborum
573 1484 694 1550 rogata,
710 1490 811 1557 quum
818 1467 927 1534 sedem
937 1470 972 1534 in
980 1470 1094 1534 orien-

97 1581 154 1650 tali
162 1583 305 1674 AEgypto
321 1583 406 1647 nacti
420 1599 534 1664 essent,
554 1567 757 1648 rebellarunt
773 1600 805 1647 et
821 1587 1040 1668 conjurarunt,
1056 1603 1092 1651 ut

38 1742 41 1747 ·
97 1697 171 1766 duci
196 1724 255 1766 suo
272 1697 451 1781 sacerdoti,
472 1715 508 1764 nt
528 1696 657 1780 dicunt,
680 1695 942 1790 Heliopolitano,
964 1700 1093 1765 Osarsi-

96 1815 165 1908 pho
195 1815 361 1906 quondam
388 1814 493 1897 dicto,
540 1832 610 1882 tum
632 1838 712 1884 vero
735 1816 840 1898 Mosi,
885 1817 921 1880 in
941 1791 1113 1882 omnibus·
1164 1884 1167 1888 ,

97 1957 224 2000 morem
247 1949 418 2017 gererent3
456 1931 511 1997 hic
532 1948 636 1997 autem
658 1933 703 1997 cis
724 1927 800 1998 tulit
819 1928 944 2016 legem,
975 1947 1010 1997 ut
1030 1953 1092 1998 nec

90 2051 183 2116 'Deos
207 2049 395 2145 adorarent,
422 2073 494 2138 ,nec
513 2046 583 2117 ullo
606 2045 791 2124 animalium
810 2050 973 2140 AEgyptiis
995 2072 1091 2114 sanc·

67 2229 72 2241 ,
98 2187 207 2257 torum
244 2166 457 2249 abstinerent,
499 2184 533 2232 ut
567 2192 640 2235 cum
668 2167 798 2231 nemine
835 2183 1090 2248 consvescerent,

96 2285 160 2349 nisi
183 2287 424 2370 conjuratorum
445 2299 536 2366 esset,
559 2280 724 2374 multaque
747 2282 892 2348 moribus
913 2282 1114 2373 AEgyptio·'

96 2426 170 2466 rum
199 2392 336 2466 maxime
366 2388 511 2466 adversa.
548 2452 552 2461 ,
580 2400 668 2464 Tum
706 2396 830 2464 auxiliis
858 2395 1091 2488 Solymitarum

22 2564 28 2569 -
98 2533 151 2579 aut
174 2513 331 2597 aliorum,
376 2539 456 2605 quos
481 2513 522 2579 ad
542 2489 954 2596 Pelusiumoffendebant,
994 2518 1089 2588 aucti,

97 2632 260 2721 AEgyptiis
290 2627 547 2720 praevaluerunt,
587 2646 620 2693 et
642 2653 703 2720 per
722 2614 767 2704 '13
785 2652 886 2695 annos
909 2631 1090 2720 AEgyptum

94 2766 236 2820 tenuere,
259 2744 360 2812 multa
383 2726 558 2812 crudeliter
577 2762 699 2836 patrata
720 2762 804 2810 sunt.
858 2744 927 2811 Rex
949 2767 1028 2811 vero
1049 2745 1090 2809 ab

93 2862 263 2956 AEtbiopia
278 2861 405 2945 redux,
429 2884 503 2927 cum
525 2861 595 2926 filio
619 2866 826 2948 conjunctus,
848 2884 903 2926 eos
926 2863 1089 2951 superavit

94 2998 124 3045 et
163 2978 204 3044 ad
235 2954 338 3069 SJriae
374 2977 457 3043 fines
490 2993 677 3068 persecutus
713 2994 769 3043 est.
834 2975 889 3042 Sic
917 2979 1088 3059 Mosellae,
1159 3024 1162 3029 ,

98 3099 294 3163 Chaeremon
325 3113 357 3163 et
384 3095 626 3186 Lysimachus,
671 3094 727 3184 qui
755 3117 817 3185 per
844 3092 1022 3161 dissensum
1053 3096 1089 3162 in

93 3209 263 3278 nonnullis
287 3213 446 3305 probant,
467 3226 473 3235 '
491 3234 525 3276 se
558 3209 628 3276 aliis
656 3193 896 3289 fontibus‘usos
920 3212 1006 3294 esse,
1051 3216 1087 3277 in
1165 3262 1171 3273 ,

92 3330 248 3420 capitibus
264 3353 381 3395 rerum
394 3353 473 3396 vero
491 3330 712 3403 consentiunt:
737 3329 853 3396 omissa
867 3330 1087 3420 aLysimacbo
1166 3364 1169 3368 ⁸

48 3490 51 3496 ι
93 3444 230 3537 dominii
268 3447 453 3527 mentione,
497 3462 530 3511 et
570 3443 679 3513 addito
716 3472 736 3514 a
766 3445 994 3517 Chaeremoner
1021 3440 1086 3508 alio

91 3785 136 3850 21)
164 3783 210 3848 (1,
237 3782 285 3846 26)
304 3778 394 3853 λεπρὲσ
413 3801 460 3837 και
476 3776 517 3840 aeis
533 3775 614 3837 dilus
630 3777 725 3856 propris
741 3772 879 3865 dudeciaco
896 3786 925 3830 at
938 3775 1022 3844 (ibid.
1039 3780 1087 3848 32)
1159 3814 1161 3817 .
1229 3830 1242 3843 1,

163 3857 263 3946 ἄνδράς
279 3868 323 3929 sais
338 3871 473 3942 μολυιμὲς
493 3873 600 3940 ἔχοντας
617 3885 646 3926 et
664 3874 723 3940 (34)
746 3865 863 3940 dodyvas
879 3888 926 3922 και
944 3865 1084 3939 terascea

82 4008 87 4016 ι
160 3964 302 4034 Exemplo
328 3979 429 4031 regum
454 3975 482 4016 et
507 3958 681 4036 pontificum
694 3961 914 4039 christianorum
932 3964 1012 4015 notio
1028 3961 1086 4017 bu·

163 4057 208 4123 jus
223 4059 347 4112 nominis
367 4067 485 4113 constat.
