2558 4538
618 325 706 431 too

94 554 97 559 ·
156 526 247 606 ltattd
274 527 369 617 parvi
399 526 557 593 momenti
582 545 648 610 cst3
687 553 762 597 nam
791 492 910 620 accidit
942 536 1090 644 perid,
1115 558 1152 621 ιιι
1191 582 1195 602 ‚
1234 536 1245 543 ⁸

154 640 266 707 coloni
298 647 455 733 tanquam
475 647 658 712 scrwvntoies
682 647 797 736 petriae
827 651 998 741 praecipuo
1017 653 1148 747 honore

153 758 194 821 ab
223 757 341 825 incolis
371 761 535 844 indigenis
563 779 595 827 ct
630 757 759 849 regibus
787 787 903 831 eorum
936 761 1151 856 haberentur:

153 869 285 939 Accidit
312 899 447 966 quoque
477 876 591 943 eadem
624 880 815 982 occasione,
860 898 896 946 ut
926 884 1047 948 arctius
1071 907 1146 967 cum

152 989 313 1074 indigenis
337 993 465 1058 rntioue
481 991 650 1079 religionis
675 993 787 1063 habita
810 998 1123 1084 conjungerentur.-

69 1225 83 1244 ι
151 1189 245 1272 525.
288 1189 345 1254 De
359 1171 501 1257 'decernis
531 1190 572 1258 ab
593 1171 782 1260 Abraham
799 1195 959 1295 pontifice·
973 1144 1144 1302 Cunarum

581 1310 708 1374 solutis.

141 1497 145 1502 ,
227 1455 402 1547 Redeunti
433 1458 521 1522 enim
550 1439 742 1538 Abrabomo
774 1459 905 1526 obviam
934 1463 1024 1531 veuit
1053 1460 1142 1534 Mel·
1209 1465 1214 1472 '

151 1571 386 1672 chisedecbus,
422 1570 544 1640 Salerni
575 1596 634 1637 rex
664 1590 696 1638 et
723 1575 877 1641 sacerdos
901 1575 954 1641 dei
975 1575 1140 1667 Supremi,
1174 1641 1177 1647 ,

150 1688 207 1779 qui
228 1690 258 1752 ei
280 1685 457 1754 benedixit
462 1707 494 1754 et
516 1689 657 1754 decima
663 1684 784 1777 praedes
806 1702 900 1777 parte
920 1689 1060 1756 donatus
1082 1708 1141 1756 est.

128 1782 313 1870 vHistotioa
336 1805 432 1887 hujus
454 1805 503 1870 rei
525 1803 607 1870 fides
628 1803 820 1896 plusquam
835 1829 903 1872 uno
919 1807 1053 1897 nomine
1074 1789 1141 1872 du·

121 1920 209 2004 bia,
223 1906 363 1999 videtur,
388 1919 531 2011 ideoque
555 1941 638 2011 opus
662 1936 720 1998 est,
745 1936 782 2010 ut
805 1923 987 1989 accuratius
1011 1922 1045 1986 in
1069 1942 1163 2015 eant·

146 2036 386 2124 inquiramus.
408 2037 488 2101 Tria
517 2053 595 2106 sunt
627 2033 773 2117 ejusdem
803 2038 929 2128 capite:
952 2036 1140 2105 Melchise-

148 2151 288 2216 decbum
310 2149 456 2217 Salemi
451 2157 562 2235 regem
581 2173 667 2232 esse3
699 2176 785 2239 eunt
798 2153 851 2218 ab
862 2154 1051 2219 Abrabamo
1065 2153 1139 2222 ho-

107 2307 110 2311 -
145 2290 242 2332 nores
264 2252 426 2356 accepisse
457 2283 489 2331 et
515 2267 718 2333 sacerdotem
749 2269 811 2334 Dei
841 2269 995 2360 Supremi
1020 2269 1138 2337 fuisso.
1190 2279 1192 2289 ⁴

144 2380 182 2445 ln
205 2383 287 2446 urbe
310 2380 568 2448 Melchisedechi
589 2382 768 2448 indicanda
787 2385 998 2483 Eupolemus
1016 2409 1034 2449 a
1053 2386 1087 2453 S
1103 2387 1136 2453 S

115 2578 117 2582 ι
140 2495 285 2560 discedit
303 2497 477 2586 traditque,
495 2500 620 2564 eumin
639 2486 720 2564 urbe
738 2497 895 2582 Argarize
910 2523 1073 2602 regnasse.
1083 2506 1136 2582 ⁶⁷)

146 2592 259 2695 Quum
282 2633 360 2675 teto
384 2627 450 2677 tots
471 2630 615 2676 restam
631 2612 729 2700 parvi
741 2611 897 2678 momenti
918 2615 971 2694 sit,
994 2631 1030 2680 ut
1051 2614 1137 2683 fama
1214 2664 1216 2668 ι

145 2727 213 2809 ejus
244 2722 285 2789 ad
317 2725 510 2813 peregrinos
529 2725 642 2792 venire
673 2748 756 2790 ιιοιι
773 2727 937 2815 potuerit,
974 2752 1077 2819 quum
1105 2738 1138 2796 ct
1223 2781 1233 2794 ,

105 2858 118 2865 ·
143 2822 347 2930 Eupolemus
379 2863 540 2928 nusquam
571 2864 611 2905 ex
634 2839 806 2928 peregrina
823 2840 968 2918 historia
993 2844 1137 2910 hausisse

143 2953 309 3036 videatur,
338 2931 500 3020 dissensus
521 2956 663 3020 hicnon
683 2952 825 3030 alienum
851 2955 1036 3049 traditionis
1056 2957 1135 3025 fon-

142 3089 208 3137 tem
229 3073 353 3157 arguit3
386 3071 444 3137 sed
468 3062 677 3136 manifestum
701 3088 777 3154 est,
794 3069 1025 3162 Eupolemum
1041 3077 1134 3164 s'equi
1161 3059 1163 3062 Α

141 3187 352 3254 traditionem
370 3187 535 3285 quandam
553 3168 844 3267 Samaritanorum,
866 3188 924 3277 qui
945 3214 1005 3256 suo
1024 3188 1134 3258 Monti
1198 3264 1202 3271 ¹

140 3292 316 3384 (Gerizim)
332 3302 475 3370 honores
494 3301 759 3368 Melchisedechi
771 3302 939 3369 vindicare
958 3301 1132 3374 voluerint

139 3417 259 3482 Utrum
281 3441 359 3485 veto
373 3418 493 3486 Judaeis
515 3444 556 3486 an
574 3419 783 3486 Samaritanis
803 3417 885 3485 fides
906 3419 1057 3487 habenda
1062 3439 1130 3509 ιιι,
1182 3431 1184 3433 ’
1208 3512 1211 3522 Ι

127 3529 277 3598 dubium
299 3555 370 3598 non
389 3551 447 3615 cst,
472 3552 504 3600 ιι
527 3535 609 3602 fides
629 3533 770 3601 Judaicae
787 3533 973 3602 traditionis
994 3552 1131 3618 augetur
1178 3614 1182 3618 Α
1257 3555 1260 3560 ’

139 3647 401 3713 consideratione
422 3672 537 3731 scenae,
560 3651 618 3715 ubi
632 3674 685 3716 res
703 3665 902 3717 evenerunt:
924 3647 1130 3742 reduceban-
1164 3740 1167 3748 1

91 3794 94 3797 ’
140 3778 193 3826 tur
215 3761 405 3845 Sodomitae,
427 3781 460 3831 et
473 3762 680 3834 Abrahamus
696 3763 853 3831 Hebrone
874 3763 1050 3846 habitabat,
1077 3768 1149 3840 vius

138 3929 406 3953 min-u..-

97 4028 104 4040 *
137 4026 184 4095 Η)
205 4024 313 4084 Citante
329 4029 555 4115 Polyhistore'iu
572 4026 662 4098 Prata·
682 4031 748 4087 Eur.
768 4029 821 4101 IX,
839 4037 881 4093 17·
