2558 4538
631 252 703 354 roa

230 554 234 569 ,
259 484 319 553 Aa·
335 506 512 577 quemnam
538 483 673 575 AEgypti
696 498 805 567 regem
826 477 970 558 venerit,
1000 488 1071 546 ιἰοιι
1097 499 1172 545 ma·

149 607 220 693 ⁴gis
242 619 380 672 constat
434 601 599 690 Iosephus
627 597 761 693 quidem
791 584 890 680 (Bell
912 594 989 662 Jud.
1006 605 1039 674 5,
1063 604 1097 676 9,
1118 601 1172 680 4.)

173 736 376 804 auctorest,
402 741 513 805 regem
533 717 668 786 Nechao
693 715 812 796 luisse,
842 733 947 803 quum
968 736 1048 781 vero
1073 711 1145 779 id
1135 736 1170 779 ιιι

106 871 109 877 ’
175 838 334 923 oratione
339 861 380 903 ex
394 817 544 927 tempore
559 835 670 901 habita
686 831 811 900 dictum
827 829 879 910 sit,
902 829 1012 897 necin
1030 827 1171 911 historio

56 977 62 987 ·
103 1037 107 1044 .
176 953 357 1020 Abrahami
384 950 549 1019 narranda
569 950 636 1016 ab
626 973 701 1040 apso
711 965 1004 1016 commemoratum
1016 946 1077 1026 art,
1100 967 1171 1012 non

124 1106 142 1145 -.
176 1069 313 1137 multam
336 1069 437 1137 fidem
468 1070 591 1137 habere
622 1063 771 1148 videtur,
793 1089 855 1132 nec
878 1085 1016 1155 usquam
1039 1061 1172 1153 reperi-

179 1203 232 1251 tur
257 1187 490 1300 AEgyptiorum
517 1208 574 1267 rex
607 1207 646 1252 co
676 1183 811 1250 nomine
834 1179 943 1250 ‘dictus
975 1196 1050 1247 ante
1075 1201 1171 1246 secu·

177 1298 245 1366 lum
265 1304 472 1411 septimum.¹
557 1307 559 1311 ’

269 1418 396 1501 Fuere,
428 1386 486 1510 qui
515 1418 723 1510 putaverint,
748 1417 838 1483 hunc
859 1436 969 1501 regem
991 1435 1060 1480 non
1087 1413 1171 1479 inter

181 1554 272 1618 reges
295 1556 414 1618 genere
435 1535 609 1625 AEgyptios
632 1531 855 1624 quaerendum
871 1555 959 1613 case,
985 1527 1045 1597 sed
1069 1544 1171 1597 unum

180 1648 267 1714 inter
298 1674 390 1735 reges
419 1642 571 1718 Pastorea
598 1650 753 1737 intelligi,
789 1650 848 1740 qui
877 1665 1006 1741 partem
1037 1642 1172 1736 AEgvpti

181 1787 243 1855 per
259 1766 400 1840 5secula
419 1766 588 1856 quondam
607 1784 741 1835 tenuere
757 1770 822 1849 ⁴⁶)
871 1763 1110 1855 Quamquam
1096 1781 1173 1828 sanc

181 1903 234 1949 rea
255 1900 395 1957 narratae
416 1908 485 1951 non
509 1885 608 1979 magis
630 1885 688 1951 uni
709 1908 810 1975 quam
823 1883 917 1950 alteri
939 1880 1109 1949 sententiae
1124 1878 1173 1944 la-

74 2055 78 2063 .
184 2014 277 2076 vent,
299 1993 411 2067 'tamen
435 2015 467 2065 ct
485 1997 627 2090 simplex
650 2001 773 2066 montio
795 2001 881 2086 regis
905 1998 1043 2089 AEgypti
1071 2012 1106 2063 et
1130 1994 1171 2066 ti-.

83 2110 86 2115 ’
185 2110 270 2176 tulus
295 2115 484 2180 Pharaonia
516 2116 858 2207 probara'videutur,
882 2138 992 2200 regem
1017 2110 1114 2179 illum
1142 2127 1174 2178 et

185 2228 244 2293 toti
256 2229 399 2318 AEgypto
418 2231 594 2321 imperasse
615 2250 648 2299 et
665 2232 854 2319 indigenam
876 2233 993 2312 luisse,
1010 2228 1175 2319 siquidem

184 2346 231 2409 sic
255 2345 388 2425 demum
416 2348 528 2414 titulus
553 2348 691 2433 originis
722 2366 755 2415 et
777 2348 896 2433 lingv'ae
920 2347 1123 2438 AEgyptiacae
1147 2347 1177 2413 ei

189 2459 289 2532 tribui
310 2486 408 2554 posse
431 2462 573 2530 videtur.
614 2450 831 2534 Probahimus
854 2454 935 2534 iero
957 2465 1055 2530 etiam
1076 2461 1174 2542 infru,

186 2578 381 2659 ejectionem
400 2604 514 2671 regum
531 2583 704 2649 Pastorum
717 2581 774 2648 diu
789 2598 865 2649 aute
877 2560 1055 2650 fluentum
1066 2580 1176 2647 Abra·

122 2696 126 2705 ’
163 2678 166 2683 ’
185 2693 275 2759 hami
292 2694 457 2762 accidisse.
482 2698 559 2763 Fuit
575 2700 686 2789 itaque
698 2724 782 2785 unus
796 2722 815 2765 e
827 2696 1076 2789 Diospolitanis,
1089 2717 1175 2788 quo-

187 2833 261 2877 rum
283 2829 331 2878 eat
349 2811 495 2904 dynastia
509 2809 641 2895 XVIII,
665 2833 700 2881 et
720 2813 934 2899 chronologia
948 2831 1061 2881 nostra
1074 2811 1174 2890 ducti,

191 2929 397 2996 Tethmosim
420 2931 452 2997 II
474 2947 529 2994 aut
550 2925 764 3022 Amenophin
785 2932 815 2998 11
834 2926 1061 2997 Abrahamum
1082 2954 1177 2997 exce-

185 3045 272 3129 pisse
297 3063 329 3112 et
350 3044 505 3124 violasse,
525 3063 678 3135 putamus
702 3048 767 3128 47).

280 3161 367 3224 Dum
393 3159 601 3228 Abrahamus
639 3162 673 3226 ln
702 3163 846 3254 AEgypto
879 3162 1087 3254 versabatur,
1128 3142 1178 3234 res

188 3273 256 3353 ejus
280 3270 419 3340 feliciter
442 3294 676 3344 successerunt.
733 3279 892 3368 Quamvis
914 3280 963 3345 irai
986 3281 1071 3365 regis
1093 3281 1180 3363 ejec-

191 3404 251 3469 tus,
271 3412 339 3457 non
359 3390 466 3459 solum
487 3394 596 3461 omnia
617 3418 673 3462 sua
694 3418 803 3462 secum
821 3392 956 3476 extullt3
976 3393 1035 3463 sed
1046 3418 1180 3490 quoque

192 3542 460 3560 Ἤ

190 3621 238 3687 4⁶)
255 3624 333 3676 Rask
351 3600 377 3682 t.
403 3624 490 3696 atbftt
512 3626 586 3696 labe.
603 3624 696 3686 πίθοι.
715 3643 744 3697 p.
763 3633 825 3687 100.

190 3710 237 3782 ⁴⁷)
259 3716 331 3769 Raslc
357 3718 378 3772 1.
396 3719 416 3770 1.
439 3722 494 3773 alia
520 3721 705 3786 chronologia
734 3719 835 3771 ductus
860 3734 926 3771 curn
949 3716 1181 3787 Nephercherem

258 3824 317 3869 esso
350 3804 475 3877 putavit,
508 3797 591 3877 cujus
621 3826 725 3874 unomen
749 3827 815 3863 curn
835 3809 987 3863 Nechaoara
1012 3813 1055 3863 sic
1083 3811 1182 3865 coule-

256 3899 376 3953 acndum
401 3912 469 3955 erat.
514 3899 569 3954 Sed
589 3902 643 3976 hoc
661 3908 764 3955 nomen
782 3917 860 3969 aeque
879 3901 915 3954 ab
934 3911 1057 3972 utroque
1077 3904 1182 3957 diacre·

257 4001 312 4056 pat,
332 4004 372 4060 ct,
390 3999 432 4045 uti
451 3997 621 4056 monuimus,
640 4011 698 4047 uon
715 3992 813 4048 multaa'
828 3993 897 4047 fidei
916 4005 966 4047 est.
