2558 4538
610 322 745 429 ,rto

297 535 457 626 losephus
481 533 624 623 denique
654 532 721 612 alie
746 554 882 622 quoque
902 535 1035 618 negotio
1058 555 1207 626 oocupa-

212 673 262 721 tus
296 646 374 732 fuit,
405 651 562 715 nimirum
606 666 643 714 ut
680 665 875 739 potestatem
901 649 1027 734 'regiam
1061 670 1207 736 augeret.

99 838 102 843 ,
210 773 352 838 Annona
375 788 464 843 nsua,
483 766 573 831 ‘eires
598 749 711 830 omnes
731 763 800 848 regi
824 764 1014 833 tributarios
1037 783 1207 837 etaerroa

184 946 187 951 .
210 885 355 964 addixit,
380 883 481 963 (Gen.
504 888 558 960 47,-
577 887 630 960 25)
651 896 701 959 et,
731 861 1001 970 quoimperium
1023 882 1207 948 confirma-

209 1019 313 1080 retur,
335 989 460 1065 incolae
484 999 519 1062 in
541 1019 643 1063 novas
662 981 1074 1087 eedestranatnlit,'eieqi1e
1100 1022 1205 1066 novoe

210 1137 306 1199 agros
335 1111 493 1181 colendos
528 1111 696 1182 distribuit
718 1112 823 1194 (Gen.
843 1098 905 1194 47,
939 1115 1019 1196 203
1052 1115 1204 1203 quintam

208 1246 431 1322 proventuum
453 1244 594 1318 partem,
613 1231 680 1312 jam
700 1207 793 1292 antea
812 1229 1027 1318 usurpatione
1044 1244 1204 1309 exactam,

120 1418 123 1423 .
208 1338 248 1412 ere
271 1362 368 1435 paeto
392 1344 461 1428 regi
482 1344 555 1409 dari
577 1344 681 1428 jussit.
705 1345 771 1428 (47,
787 1346 853 1424 26.)
895 1343 1202 1443 Sacerdotibnaeo·

156 1544 159 1549 Ι
207 1459 247 1527 lie
277 1461 497 1551 parcebatur,
528 1466 631 1549 quum
663 1476 889 1525 castaeorum
916 1461 1089 1551 potentior
1110 1478 1201 1539 esset,

207 1600 307 1668 quam
329 1593 366 1643 ut
386 1577 457 1661 regi
480 1600 514 1642 ae
537 1575 723 1659 subjiceret.
769 1570 897 1660 Religio
917 1562 1012 1643 terrm
1035 1599 1108 1644 non
1129 1578 1201 1645 vio·

206 1692 271 1759 lata
302 1709 350 1758 eet
372 1715 437 1782 pro
460 1691 663 1778 indulgentia
688 1686 835 1790 Helirnia
856 1707 934 1758 tune
961 1695 1122 1802 temporis
1141 1717 1201 1785 ³07

204 1807 281 1888 lita3
304 1814 352 1888 (v.
375 1811 472 1892 §25)
494 1806 550 1875 sed
580 1824 613 1874 et
634 1804 776 1872 adventu
798 1806 987 1888 hominum,
1008 1809 1080 1900 'qni
1102 1807 1202 1876 fidem

206 1941 302 1991 terrae
326 1944 396 1989 non
421 1924 721 2015 amplectebantur,
757 1938 790 1988 et
816 1920 899 1989 dura
929 1925 1103 2006 servitute,
1135 1948 1201 2016 que

204 2033 350 2128 populus
375 2063 393 2104 a
415 2061 641 2129 regepresane
662 2053 721 2120 eet,
742 2038 952 2107 sacerdotum
974 2056 1121 2131 potestat
1139 2038 1201 2109 de·

205 2137 396 2219 trimentum
421 2178 490 2220 non
511 2152 585 2221 leve
607 2157 705 2246 oepit.
790 2187 794 2195 ·

297 2268 400 2335 Novis
412 2269 547 2359 losephi
561 2270 716 2336 institutis
735 2291 797 2336 nee
812 2256 957 2361 populor
972 2294 1034 2338 nee
1043 2273 1203 2341 sacerdo·
1267 2300 1270 2307 ·

205 2399 252 2448 teo
277 2381 433 2450 delectari
460 2401 651 2475 potnerunt.
697 2384 870 2452 Paetorum
900 2404 1043 2476 questus
1067 2387 1210 2480 AEgyp··

204 2499 256 2564 tiis
270 2500 393 2567 invisus
410 2496 489 2582 erat,
511 2499 665 2567 admissio
677 2501 929 2592 peregrinorum
939 2526 1070 2592 semper
1083 2492 1201 2573 odium

202 2633 331 2696 movet3
360 2634 501 2708 potestas
530 2620 619 2702 regia
649 2615 737 2682 haud
760 2617 1007 2716 circumscripta
1024 2591 1139 2687 ‘ieeile
1167 2622 1203 2689 in

204 2729 440 2800 detrimentum
462 2732 580 2826 populi
610 2757 628 2801 a
658 2754 735 2816 rege
759 2732 872 2798 sutu'ro
896 2730 1047 2829 adhiberi
1075 2739 1201 2827 potuit.

83 2844 87 2852 ⁴
149 2905 154 2911 .
202 2845 238 2913 si
268 2873 335 2917 rex,
357 2873 460 2941 opera
489 2848 680 2918 exstruendi
705 2846 850 2940 cupidus¹
866 2865 1034 2940 sceptrum
1055 2868 1203 2941 teneret,
1254 2918 1258 2925 .

195 2965 391 3056 putandum
423 2983 491 3043 eet,
524 2989 599 3032 eum
624 2965 751 3033 civibus
781 2981 948 3055 tanquam.
968 2968 1070 3034 nervia
1099 2992 1200 3037 usum

202 3102 291 3158 erse,
323 3078 511 3171 templaque
532 3083 577 3148 ob
599 3081 789 3165 gravitatem
810 3079 934 3146 laboris
958 3079 1105 3149 desolata
1130 3103 1200 3152 ete·

202 3193 277 3258 tisse
308 3216 345 3260 ae
376 3192 570 3281 religionem
602 3193 781 3282 neglectam
808 3193 919 3293 seinse.
964 3195 1042 3265 No'u
1063 3187 1200 3271 ¹mirum

202 3314 322 3399 itaque,
346 3312 374 3376 si
397 3303 512 3393 aevum,
538 3336 605 3403 quo
623 3310 785 3406 losephue
805 3329 838 3378 et
857 3313 1025 3403 peregrini
1046 3333 1200 3405 pastores

200 3424 382 3510 florebant,
403 3426 567 3520 AEgyptiie
598 3447 629 3497 et
651 3427 885 3497 sacerdotibus·
901 3410 1050 3495 marimo⁸
1070 3431 1198 3529 odioeae
1260 3488 1265 3493 .

116 3614 120 3621 f
199 3545 364 3610 memoriae
383 3545 493 3628 suerit,
516 3571 623 3639 neque
643 3540 766 3637 aptiori
784 3547 918 3612 nomine
941 3544 1105 3631 designari
1130 3571 1197 3638 po-

200 3657 271 3736 tuit,
296 3682 396 3750 quam
418 3663 446 3730 ei
468 3687 580 3732 aarum
597 3642 771 3748 dieeretur,
796 3683 864 3754 quo
884 3672 1002 3750 postor
1025 3661 1088 3729 ille
1106 3685 1194 3750 gre-

179 3795 256 3859 gor
278 3777 314 3841 r'n
337 3789 431 3847 terro
449 3783 619 3868 perimet„
