2558 4538
19 475 21 478 ‚
88 496 214 586 nequiit
234 495 341 580 regiis,
362 493 448 559 unde
469 468 608 561 rebelles
629 495 873 580 adjuvarentur;
905 516 998 590 atque
1020 497 1082 568 alia

87 609 201 678 relatio
226 610 340 693 tradit,
373 607 490 676 auxilia
512 612 550 676 iis
572 613 613 681 in,
626 610 741 679 eodem
765 609 840 680 loeo
862 614 991 681 inventa
1013 630 1082 706 esse
1169 704 1170 711 ἵ

35 784 38 789 ,
87 738 135 809 (c.
154 726 220 820 Ap.
242 728 273 811 1,
305 736 374 808 32).
399 806 403 811 ,
430 726 638 794 Sacerdotem
670 726 831 819 quendam
862 727 1081 823 Heliopolita-

86 867 167 909 num
189 844 230 910 ad
248 841 387 910 rebelles
409 860 639 929 transgressum
660 868 738 928 esse,
760 864 792 912 et
812 847 940 914 Mosem
960 837 1081 914 exeun·
1113 921 1117 942 Ι

86 961 169 1025 tinm
192 959 308 1025 ducem
329 977 359 1026 et
383 957 600 1044 legislatorem
620 959 726 1046 fuisse,
751 964 913 1056 AEgyptiis
934 981 1081 1031 constare
1158 1054 1162 1062 .

87 1075 357 1168 quidem-potuit,
380 1075 438 1141 sed
462 1095 634 1170 utrumque
655 1103 755 1145 unum
778 1079 981 1171 eundemque
1003 1105 1081 1164 esse,

63 1217 157 1260 non
187 1194 275 1260 item.
341 1191 490 1263 Studium
518 1213 550 1261 et
579 1197 628 1260 ira
656 1189 828 1262 relationes
860 1195 1004 1280 ejusdem
1033 1198 1082 1263 rei

56 1365 61 1379 ,
86 1329 282 1400 magnopere
311 1327 451 1394 mutant,
497 1334 558 1376 nec
588 1313 623 1375 in
645 1309 712 1376 ulla
741 1336 778 1377 re
803 1314 903 1398 magis
926 1314 1082 1405 quentin

86 1424 230 1491 numeris
262 1423 405 1505 militnm
434 1443 466 1491 et
488 1422 657 1495 hostilium
678 1443 710 1492 et
736 1451 886 1510 suorum,
932 1427 1082 1498 multitu·

70 1541 337 1632 'dine'caesorum
355 1543 440 1606 etin
461 1542 552 1606 omni
567 1538 672 1612 ¹cladis
693 1565 826 1610 suorum
844 1543 1081 1638 descriptione3

15 1690 24 1696 ·
87 1657 272 1748 eisdemque
296 1649 433 1723 debetur
461 1681 546 1749 saepe
575 1653 686 1741 color,
730 1681 795 1748 quo
817 1656 945 1725 indoles
965 1679 998 1728 et
1017 1664 1082 1750 im-

74 1775 219 1846 manitas
240 1773 383 1841 hostium
405 1775 601 1865 pinguntur,
638 1791 670 1838 et
693 1771 792 1839 multa
814 1773 972 1865 denique,
1009 1763 1082 1868 qnae

87 1888 281 1974 religionem
295 1891 478 1957 alterutrius
495 1892 596 1983 partis
615 1887 812 1982 peculiarem
828 1907 971 1976 tangunt.
1004 1893 1083 1969 Haee'
1151 1920 1153 1928 ’

89 2009 203 2091 igitur,
241 2005 425 2098 seponenda
447 2027 539 2091 sunt,
576 2008 632 2073 ubi
655 2008 758 2090 agitur
780 2004 821 2072 de
843 2001 1083 2102 comparatione

88 2126 174 2197 inter
189 2121 360 2190 relationes
378 2123 537 2192 a‘duobus
552 2121 722 2193 hostilibus
740 2121 872 2218 populis
886 2125 1058 2219 profectas.

97 2325 192 2408 541.
247 2290 466 2401 Continentia,
513 2325 668 2407 Examen
691 2313 864 2424 relationis
888 2327 929 2393 de
943 2327 1070 2418 Hydros

456 2523 458 2527 y
525 2449 649 2528 eJ'ecte‘a.

180 2552 218 2649 In
243 2590 367 2677 priori
385 2586 551 2676 relatione¹
571 2591 664 2673 ejecti
704 2552 908 2679 appellantur
936 2584 1083 2656 Pastores

88 2704 156 2769 sive
185 2703 338 2770 nomades
364 2721 458 2793 atque
488 2704 630 2786 Arabes,
675 2720 707 2768 et
741 2704 777 2766 in
806 2701 934 2792 Syriam
970 2703 1084 2776 abiisse
1166 2724 1171 2731 '

31 2818 35 2833 ¹
88 2807 261 2902 dicuntur}
307 2845 378 2911 quae
407 2821 480 2888 satis
517 2837 662 2886 accurate
691 2818 838 2887 Hebraeis
877 2821 1083 2889 conveniunt.

90 2935 155 3012 Sed
178 2934 314 3022 legitur,
343 2961 399 3003 eos
420 2954 553 3029 repente
573 2938 609 3002 in
632 2939 809 3025 AEgyptum
829 2935 998 3026 invasisse,
1025 2960 1097 3004 en-.
1174 2999 1177 3003 .
1239 2952 1252 2969 ‘¹

88 3051 225 3119 stodiam
256 3052 396 3120 militum
425 3062 565 3136 240,000
586 3049 629 3120 'in
656 3076 722 3119 uno
753 3049 828 3118 loeo
858 3048 1032 3120 collocasse
1052 3038 1084 3122 et

88 3173 272 3262 pet-‘annos
295 3187 354 3249 511
381 3169 513 3238 crudele
535 3170 709 3263 imperium
732 3168 926 3252 exercuisse,
952 3173 1084 3261 regibus

88 3311 127 3351 ex
154 3289 219 3353 suis
243 3288 434 3380 Memphide
464 3289 654 3357 constitutis.
723 3291 840 3353 Tantas
862 3311 947 3355 vero
972 3289 1084 3356 homi-

87 3426 167 3468 num
195 3407 322 3496 copias
337 3429 405 3471 non
429 3429 496 3471 esse
518 3402 713 3498 coloniam
703 3429 719 3468 a
741 3405 883 3496 Josepbo
905 3403 1085 3487 adductam,

87 3513 231 3612 apparet
300 3524 478 3613 Occupatio
509 3523 666 3611 AEgypti,
706 3522 733 3587 si
763 3519 816 3585 vel
843 3521 913 3585 sine
942 3517 1085 3615 proelio

88 3663 156 3704 non
187 3619 338 3706 convenit
367 3639 512 3705 historiae
541 3637 727 3717 Hebraiete,
774 3635 830 3700 ubi
863 3629 972 3699 eoloni
1006 3660 1086 3728 pace

37 3772 39 3776 ·
86 3755 172 3838 regis
204 3757 354 3836 intrasse,
399 3756 455 3822 diu
482 3751 608 3820 tolerati
636 3773 666 3820 et
699 3752 829 3818 demum
850 3752 997 3843 oppressi
1018 3776 1091 3858 esse
1148 3782 1150 3787 ’

87 3868 247 3993 dicuntur.
292 3875 394 3958 Reges
420 3898 436 3937 e
459 3873 640 3964 peregrinis
661 3886 784 3936 creatos
810 3892 894 3950 esse,
929 3892 997 3937 non
1020 3854 1084 3936 tni
