2558 4538
595 277 666 351 152

134 487 276 576 Josepfto
301 460 500 568 castigatus}
522 487 686 574 bisepltus
705 480 792 574 solus
810 487 850 548 ex'
872 484 1015 573 antiquis
1037 485 1135 575 prio-

135 626 205 668 rem
227 598 417 667 relationem
446 600 485 665 de
507 600 625 667 Judaeis
653 597 847 692 explicavit,r
876 618 909 666 et
934 601 1139 681 recentiores

43 766 47 771 -
136 710 287 810 plerique
333 735 408 810 post
453 742 526 782 eum
566 715 711 783 ‘candem'
726 718 946 782 *senteutiam
991 733 1139 783 tuentur.

138 838 344 925 Quamquam
367 838 431 920 jem
454 837 580 918 insigne
601 832 731 924 pondus
760 833 861 899 tribui
893 832 997 898 debet·
1010 831 1138 915 judicio

138 975 271 1033 eurum,
292 952 348 1040 qui
370 943 539 1016 historiam
561 950 695 1041 AEgypti
716 950 875 1033 integram
898 967 1136 1032 cognorerunt,

49 1069 51 1072 ⁴
91 1082 94 1086 ’
137 1085 244 1132 tumen
277 1084 308 1131 et
338 1068 428 1132 crisis
458 1046 652 1132 relationum
672 1089 740 1131 non
763 1063 955 1158 negligenda
977 1082 1043 1148 est,
1081 1042 1137 1148 ¹ut,

94 1173 97 1178 ¹
137 1189 163 1246 si
185 1181 258 1248 fieri
279 1185 391 1274 possit,
414 1207 452 1248 ex
475 1169 622 1274 reliquiis
643 1182 866 1273 superstitibus
885 1196 972 1249 certa
993 1175 1137 1251 demon-

139 1294 251 1366 sttutio'
271 1296 439 1390 procedat.
717 1296 720 1301 ’
991 1282 997 1291 i
1066 1310 1070 1317 '

89 1413 92 1418 ’
178 1404 187 1417 ”
227 1416 265 1480 In
281 1413 497 1481 relationibus
508 1439 584 1482 vero
601 1391 793 1501 judicandis,
810 1412 1075 1500 distingvendum
1089 1431 1135 1483 est

137 1533 223 1597 inter
240 1555 285 1614 ea,
298 1532 381 1622 quse,
392 1531 442 1598 his
454 1530 677 1612 referentibus,
690 1530 755 1596 fide
766 1529 862 1615 digna
879 1549 964 1613 sunt,
974 1549 1074 1622 atque
1087 1555 1133 1613 ee,

137 1671 209 1738 qnae
233 1673 302 1715 non
322 1651 411 1715 item.
451 1651 612 1747 AEgyptiis
628 1625 855 1730 referentibus,
872 1646 1034 1716 credenda
1048 1667 1133 1731 sunt,
1180 1680 1183 1689 ·

137 1780 208 1854 qu'ae
231 1767 314 1830 intra
335 1765 416 1832 fines
431 1767 584 1858 AEgypti,
599 1765 790 1857 nonaeque,
812 1787 884 1855 quae
898 1785 987 1832 extre
1003 1764 1137 1833 eosdem

137 1880 223 1955 fecte
238 1901 329 1966 sunt3
365 1880 526 1967 credenda
549 1900 641 1965 sunt,
672 1906 743 1973 quae
766 1881 1045 1974 interAEgyptios
1064 1886 1135 1969 regi

137 1997 300 2081 addictos,
335 2022 403 2082 non
423 2022 532 2089 ecque,
564 2022 636 2091 quae
661 1971 827 2069 incastris
850 1998 994 2067 bostium
1015 2018 1138 2072 euene-

137 2131 225 2178 runt.
290 2099 400 2202 Itaque
430 2109 560 2203 quando
593 2118 699 2207 prima
722 2112 838 2182 relatio
862 2113 979 2199 tradit,
1015 2121 1136 2203 ejectos

137 2227 396 2318 Hierosolymam
410 2229 601 2316 condidisse,
625 2232 809 2298 testimonio
818 2231 1053 2324 AEgyptiorum
1067 2258 1136 2302 non

138 2343 219 2412 fides
234 2344 385 2410 «habende
407 2363 470 2429 est3
491 2370 565 2415 nem
588 2346 622 2412 id
646 2336 776 2414 demum
797 2346 855 2414 diu
864 2363 983 2440 postea
1003 2349 1136 2443 AEgyp-
1181 2390 1184 2395 ·

58 2470 75 2512 ὃ
137 2463 189 2526 tiis
203 2458 414 2528 'innotescere
440 2465 576 2555 potuit,
608 2481 639 2529 et
660 2487 761 2555 quum
783 2464 864 2547 bis,¹
886 2471 908 2538 4
929 2463 998 2531 fere
1017 2466 1137 2535 seculis

137 2575 311 2663 interjectis
341 2579 492 2646 cohortes
520 2581 711 2666 fugientium
741 2583 777 2646 in
805 2580 920 2648 eudem
949 2578 1023 2665 loca
1049 2610 1163 2678 pro-¹

107 2723 110 2726 ’
136 2691 352 2787 sectilessenn
377 2717 523 2764 constare
541 2700 667 2789 nequiit
684 2696 895 2781 Manethoni,
925 2717 996 2764 utre
1022 2724 1137 2770 eurum

136 2812 251 2879 urbem
277 2813 491 2897 condidisset,
537 2831 568 2879 et
601 2836 677 2882 rere
709 2812 845 2881 historia
872 2814 1029 2908 AEgyptia
1063 2844 1138 2888 eam

136 2930 265 3020 utrique
294 2932 480 3014 tribuitll)
548 2932 693 3022 Itemque
722 2930 749 2994 si
779 2932 815 2995 in
843 2927 944 2997 altere
972 2930 1136 3002 relatione

135 3029 300 3130 uertatur,
338 3049 485 3138 impuros
508 3044 647 3114 rebelles
670 3071 688 3111 a
708 3042 1016 3136 Solymitisauxilia
1038 3075 1134 3119 ecce-

133 3159 228 3247 pisse‚
251 3162 414 3253 AEgyptiis
435 3187 503 3231 non
524 3182 643 3230 temere
666 3161 942 3250 credendumest,
960 3170 1135 3235 nam-seiri

139 3335 406 3357 Μ

204 3463 268 3500 rum
293 3448 342 3520 ille
367 3451 507 3519 originem
533 3449 568 3503 ed
586 3436 778 3519 Leproiorum
803 3449 956 3523 colluviem
983 3463 1013 3517 et
1039 3457 1136 3510 serius

123 3598 125 3602 Ι
203 3539 288 3608 longe
308 3551 420 3610 tempus
430 3545 600 3615 ,retuleritst
636 3606 638 3611 ,

135 3629 178 3694 1⁵)
202 3644 227 3683 c.
251 3629 307 3700 Ap.
334 3641 368 3697 1,
388 3639 423 3693 34
459 3629 640 3687 confusionis
666 3637 749 3703 origo
773 3631 858 3687 fusile
882 3633 951 3688 inde
979 3639 1133 3706 repetitur,

200 3722 276 3788 quod
310 3736 436 3790 pastores
467 3727 549 3791 ejecti
573 3722 667 3778 Salem
699 3723 800 3781 urbem
832 3727 1043 3795 condidissent,
1078 3728 1134 3782 ubi

197 3811 309 3865 Hebraei
328 3814 526 3882 Hierosolyma
542 3814 722 3877 tcoudidere3
749 3815 886 3871 Muuetho
912 3823 975 3887 ipsc
1002 3834 1062 3873 rem
1092 3824 1134 3872 ite

201 3907 297 3955 sistere
326 3893 451 3967 uidetur,
474 3922 579 3974 untur
601 3909 706 3974 primos
736 3908 842 3972 ejectos
862 3892 1037 3979 Solymites,
1069 3925 1131 3963 uon

197 3992 430 4061 Hierosolymitas
449 3998 553 4051 dixerit
573 4016 595 4050 c·
615 3997 671 4066 Ap·
693 4008 716 4062 1,
735 4005 779 4060 26.
