2558 4538
662 279 733 396 ias

87 525 94 575 ἶ
201 540 291 598 ortus
320 545 377 594 cst.
420 514 675 618 ¹Quamobrem
708 524 795 592 haud
832 504 951 594 mirum
982 550 1049 615 cst,
1091 534 1199 603 histo-

200 650 281 733 riam
323 646 529 738 peregrinam
564 644 672 710 adhuc
703 643 813 721 minus
850 642 893 710 de
915 647 1042 717 ‘isaaco
1080 674 1203 718 narra-

115 810 123 818 ·
201 766 313 843 re.⁷⁹)
374 760 492 853 Neque
526 753 629 827 mult'a
659 759 701 827 de
731 782 771 828 eo
801 755 837 824 S.
865 759 903 829 S.
931 765 1053 848 refert,
1094 790 1200 858 quum

200 881 337 948 historia
374 879 520 948 liliorum
565 877 634 960 ejus
681 885 804 945 nomen
844 881 947 969 patris
994 883 1200 952 obscuraret.

188 999 349 1092 Uxorem
373 1020 413 1061 ex
437 997 539 1086 stirpe
559 995 665 1085 patria
687 992 820 1072 habuit,
845 1019 885 1060 ex
908 1019 972 1087 qna
993 997 1143 1067 Esavum
1167 978 1223 1069 et'

202 1115 360 1181 lacobnm
380 1113 532 1203 suscepit.
575 1112 697 1176 Caetera
722 1135 813 1192 vero,
837 1113 1118 1202 quae,traduntnr,
1143 1140 1199 1211 re7

133 1316 136 1321 Ι
167 1233 170 1238 ’
203 1254 390 1323 percussam
424 1229 567 1295 latorum
596 1223 776 1327 Abrahami
810 1228 986 1315 imaginem
1021 1232 1198 1301 exhibent:

203 1372 287 1414 uxor
303 1348 396 1413 initio
411 1343 540 1424 sterilis,
550 1342 764 1434 promittente
772 1345 855 1425 Deo,
872 1347 1025 1438 concepit
1035 1370 1047 1430 3
1065 1354 1198 1430 (25,21)

204 1466 283 1550 ipse,
308 1463 392 1528 same
411 1464 568 1555 urgente,
585 1462 620 1526 in
641 1442 819 1551 AEgyptum
839 1460 1007 1553 proficisci
1031 1464 1198 1548 decrevit3

205 1562 311 1645 tamen
331 1584 400 1645 non
412 1566 581 1671 proiectus
598 1591 657 1642 est.
678 1584 834 1657 (26,1-2)
864 1579 1117 1647 Abimelechum
1140 1607 1198 1651 ve·

97 1725 106 1739 ³
203 1684 302 1777 ritus,
335 1696 517 1762 Rebeccam
545 1716 696 1761 sororem
720 1717 788 1760 esse
812 1695 981 1786 perhibuit
1008 1702 1076 1778 (26,
1100 1707 1199 1779 7-9),

90 1820 93 1825 “
204 1811 315 1878 litibus
337 1796 535 1904 quibusdam
557 1811 759 1901 compositis,
792 1808 909 1877 foedus
930 1834 1005 1877 eum
1026 1812 1199 1881 Abimele·

150 1963 152 1967 ·
205 1931 268 2000 cbo
299 1929 376 1996 iecit
404 1938 479 2010 (26,
509 1935 588 2008 28);
603 2000 607 2008 ,
625 1927 783 1993 messiane
805 1928 967 2018 promissa
999 1929 1029 1994 ei
1058 1930 1199 2022 repetita

205 2062 281 2110 sunt
301 2053 367 2124 (26,
388 2052 420 2117 4.
444 2025 485 2146 51.-
495 2049 564 2123 24).
613 2044 744 2132 Quibus
773 2030 858 2110 bene
882 2034 1075 2145 perspectis,
1101 2046 1200 2115 Jose-

199 2161 291 2246 phua
314 2160 433 2239 (Arch.
454 2162 479 2240 Ι,
505 2166 560 2239 18)
581 2157 759 2250 pleraque,
777 2174 864 2250 'quta
884 2160 926 2227 de
947 2163 1059 2231 Isaaco
1081 2164 1201 2229 lerun-

140 2293 143 2301 '
206 2262 280 2356 tur,
311 2275 490 2343 omittenda
512 2276 656 2366 putavit3
680 2275 737 2342 de
759 2273 925 2343 sterilitate
951 2276 1128 2360 Rebeccae,
1156 2280 1201 2346 de

204 2392 463 2458 dissimulatione
486 2393 686 2480 matrimonii
712 2410 745 2458 ct
764 2392 806 2458 tle
824 2394 993 2482 promissis
1017 2396 1047 2460 ei
1071 2398 1200 2486 repeti·

204 2510 244 2575 tis
263 2501 349 2575 nihil
373 2509 529 2575 narravit.
584 2508 628 2574 Et
649 2532 686 2573 re
709 2524 786 2576 vera
809 2511 958 2576 historici
980 2513 1108 2593 generis
1131 2538 1200 2581 non

204 2625 293 2692 aliud
316 2625 504 2692 habendum
526 2642 584 2707 est,
610 2649 708 2716 qnam
731 2604 823 2717 quod
847 2626 975 2692 Isaacus
1000 2650 1069 2694 non
1092 2651 1112 2692 e
1134 2633 1200 2696 Pa-

203 2723 327 2809 laestina
349 2742 517 2834 proiectus
540 2758 588 2807 est
609 2758 641 2806 et
662 2765 736 2807 cum
754 2740 1026 2809 Philistaeismox
1045 2742 1120 2812 lites
1138 2747 1200 2812 ba-

205 2859 287 2940 buit,
320 2883 395 2925 mox
418 2856 552 2926 foedera
575 2847 707 2940 icit.⁰⁰)
764 2859 888 2924 Caetera
912 2860 1023 2926 omnia
1046 2859 1089 2928 ad
1114 2861 1199 2931 filios

208 3126 254 3192 ⁷⁹)
274 3127 424 3179 Phoenices
442 3143 508 3180 eum
524 3142 588 3181 cum
607 3125 716 3182 Jacobo
734 3120 944 3195 confuderunt,
968 3131 994 3198 (5
1010 3128 1057 3196 28)
1077 3138 1107 3181 et
1126 3130 1200 3197 Malo

274 3216 351 3269 haud
370 3234 459 3281 secus,
487 3235 577 3286 quum
596 3219 697 3284 tradat,
723 3217 818 3275 fitium
835 3217 1001 3285 Abrahami,
1025 3238 1041 3272 a
1061 3224 1123 3273 risu
1142 3220 1200 3299 dio

223 3350 226 3355 .
274 3317 345 3371 turn,
365 3308 515 3362 duodecim
532 3309 610 3363 filios
628 3327 799 3381 procreasse.
824 3312 892 3364 Eur.
910 3310 1150 3380 Praep.1X,·19.‘

206 3397 252 3466 ⁰⁰)
271 3397 330 3451 Nec
357 3411 451 3452 tamen
479 3400 588 3455 inficias
612 3399 733 3465 ibimus,
759 3400 908 3455 historiam
933 3402 967 3456 de
992 3401 1109 3455 foedere
1136 3418 1201 3455 cum

272 3489 461 3545 Abimelecho
476 3497 534 3545 icto
551 3489 768 3544 difficultatibus
783 3489 859 3545 haud
874 3493 987 3547 levibus
995 3497 1096 3562 premi.
1129 3494 1201 3547 Nam

205 3616 215 3631 ..
272 3587 383 3636 etiamsi
412 3582 488 3634 idem
521 3578 724 3635 Abimeleohus
749 3583 848 3634 vivere
880 3588 1023 3651 potuerit,
1056 3577 1111 3652 'qui
1135 3601 1201 3638 cum

272 3671 435 3726 Abrahamo
454 3672 557 3725 foedus
573 3672 688 3737 lecerat,
706 3681 755 3724 aut
773 3672 855 3737 alius,
877 3674 977 3728 eodem
994 3679 1110 3737 noniine
1130 3674 1200 3740 (lor-

271 3780 321 3825 san
337 3765 435 3829 titulo)
454 3756 559 3826 lictus,
587 3779 653 3815 eum
671 3765 831 3830 exceperit,
857 3774 950 3817 tamen
970 3760 1096 3829 offendit,
1123 3765 1201 3841 quod

274 3856 386 3908 isaacus
405 3856 471 3907 loco.
488 3870 598 3906 nomeu·
611 3853 721 3906 dedisse
739 3852 853 3918 dieitur,
872 3858 928 3920 (26,
945 3859 993 3923 33)
1012 3857 1089 3925 quod
1108 3856 1200 3909 Abra-

273 3945 375 3999 hamus
395 3950 422 3996 ei
444 3948 500 4012 jam
520 3950 702 4014 imposuerat.
723 3946 779 4012 (21,
798 3950 855 4009 31).
894 3948 1039 4017 Joseplsum
1057 3948 1135 4001 haud
1155 3947 1201 4001 su·

273 4038 314 4102 git
335 4035 538 4090 contradictio:
566 4050 655 4105 quare
682 4040 712 4088 in
737 4035 852 4088 foedere
871 4037 958 4092 isaaci
984 4022 1200 4091 narrando'no·
