2558 4538
532 285 704 359 Μ,

136 506 188 574 31,
207 498 262 574 53)
284 507 315 555 et
335 493 359 556 ii
380 488 508 572 coloni,
536 493 593 582 qui
614 489 747 557 Charris
768 481 998 574 substiterant,
1029 490 1129 575 (Gen.

138 585 377 691 31,19)avitae
399 606 552 694 religioni
568 607 687 674 addicti
708 623 809 673 erant.
842 662 845 667 .
871 608 1024 676 Traditio
1046 609 1132 676 Ara-

137 728 215 791 bum
240 723 347 807 addit,
395 729 555 807 Azarum,
597 747 696 816 quem
725 723 850 815 patrem
874 724 1052 811 Abrahami
1084 725 1134 792 fe-

138 859 234 924 runt,
256 826 360 908 'idola
380 841 566 924 fabricasse,
598 842 682 923 (Her
691 837 777 908 belot
798 845 836 909 B.
861 843 903 908 O.
919 843 980 908 snb
1000 844 1151 913 nomine.

140 961 250 1042 Azar.)
265 957 321 1024 sed
337 958 370 1023 hi
391 976 454 1025 tam
467 955 581 1025 leviter
596 959 631 1043 in
651 956 748 1023 rebus
764 953 923 1051 religiosis
943 958 1084 1043 fingunt,
1098 978 1133 1026 nt
1197 1000 1200 1007 ,

64 1044 70 1061 .
138 1073 353 1144 lslamismum
382 1076 421 1141 ab
442 1072 575 1160 [smaele
604 1071 763 1141 derivem.
823 1075 988 1165 Iosephus
1016 1072 1133 1156 (Arch.

140 1195 217 1275 1‚.7‚
238 1201 278 1276 1)
292 1209 421 1274 narrat„
443 1184 671 1257 Abrahamum
693 1189 812 1274 insigni
834 1168 990 1286 sapientia
1008 1191 1135 1284 praedi-

141 1328 209 1375 tum
239 1309 437 1375 existentiam
464 1325 500 1373 et
529 1309 687 1374 unitatem
714 1307 776 1372 Dei
806 1330 845 1372 ex
872 1307 1134 1376 consideratione

141 1446 250 1490 rerum
279 1427 497 1518 perspexisse,
541 1442 635 1516 atque
663 1425 698 1491 in
719 1420 976 1515 Chaldaea-fidei
999 1450 1135 1494 suorum

74 1608 76 1612 Α
139 1543 385 1608 reformatorem
400 1539 570 1635 prodiisse.
599 1542 736 1608 Mutatio
751 1537 919 1626 religionis
935 1564 1016 1627 ergo
1027 1543 1134 1611 Abra-

139 1647 237 1726 ltamo
274 1660 445 1742 tribuitur,
490 1659 525 1724 id
554 1676 660 1725 autem
696 1679 764 1724 uon
801 1654 888 1734 aliud
926 1675 993 1743 est,
1037 1683 1135 1753 quam

139 1776 359 1845 Abrahamum
383 1777 527 1867 primum
550 1798 642 1855 esse,
686 1797 784 1866 quem
809 1798 910 1841 unum
935 1777 1046 1853 Deum
1076 1801 1136 1846 co·

138 1889 245 1977 luisse,
268 1911 356 1962 certo
378 1910 549 1960 constaret.
572 1891 733 1960 &Fereba
753 1885 859 1958 tamen
880 1910 971 1961 vetus
987 1910 1020 1959 et
1034 1916 1136 1960 vene-

138 2009 239 2074 randa
269 2008 430 2091 traditio,
458 2009 554 2075 fuisse
585 2008 671 2072 inter
700 2009 826 2099 primos
849 2010 977 2095 generis
999 2009 1135 2077 humani

138 2101 316 2204 auctores,-
346 2127 420 2216 qui,
461 2126 529 2190 sive
559 2121 756 2192 revelatione
775 2127 853 2192 *sive
880 2143 993 2193 natura
1031 2127 1134 2210 ducti,
1162 2115 1173 2121 ⁵

137 2242 242 2306 Deum
262 2243 393 2307 unicum
414 2265 528 2308 verum
551 2238 734 2309 coluissent.
756 2237 856 2322 (Gen.
879 2249 918 2325 4,
947 2249 1004 2327 26)
1027 2243 1136 2310 ‘Fides

138 2359 223 2422 inter
240 2412 243 2417 .
249 2358 424 2449 plerosque
454 2358 620 2426 obscurata
650 2360 769 2451 passim
799 2360 978 2450 propagari
998 2362 1132 2452 potuit.

138 2473 214 2541 Nec
229 2471 293 2540 ulla
310 2496 388 2560 gens
410 2477 516 2567 aptior
539 2491 625 2557 erat,
664 2497 763 2566 penes
789 2496 885 2566 quam
910 2444 1026 2543 viritas
1051 2501 1134 2544 con·

137 2593 257 2658 servari
286 2609 360 2674 aut,
381 2593 486 2684 sopita
521 2591 716 2659 reviviscere
752 2609 880 2684 posset,
926 2568 1023 2683 quam
1056 2617 1134 2678 gens

137 2706 376 2783 Chaldaeorum.
442 2709 583 2802 ¹Patriam
614 2707 806 2810 habitabant·
819 2710 855 2774 in
876 2708 948 2774 altis
968 2710 1134 2776 montibus

136 2826 239 2905 sitam.
264 2829 348 2893 inter
370 2842 521 2893 montana
544 2816 692 2891 notiones
715 2821 875 2908 religiosor
897 2825 1048 2918 puriores
1066 2850 1134 2892 esse

136 2941 259 3027 solent3
298 2969 352 3010 aer
376 2941 475 3009 nullis
497 2939 623 3010 nebulis
647 2943 834 3009 obscuratus
858 2938 1000 3009 mentem
1023 2967 1132 3009 sanam

25 3130 28 3135 .
112 3081 203 3124 ‚esse
225 3061 331 3144 jubet,
353 3065 497 3145 majestas
521 3077 641 3127 naturae
665 3062 807 3143 animum
831 3056 953 3124 excelsa
972 3057 1132 3144 religione

137 3172 270 3255 imbuit,
314 3194 346 3240 et
374 3177 560 3267 simplicitas
600 3174 740 3262 ejusdcm
780 3172 1018 3266 simplicitatem
1055 3175 1132 3240 fulci

50 3286 56 3294 ‘
136 3289 248 3373 gignit.
311 3291 360 3356 Ac
381 3295 526 3383 quamvis
551 3291 702 3384 plerique
725 3289 869 3357 Chaldaei
893 3290 1133 3360 fidem‘avitam

129 3402 264 3472 -missam
277 3406 443 3492 fecissent,
467 3435 565 3502 quum
582 3407 792 3500 Babyloniam
807 3427 1013 3499 occuparent,
1038 3416 1134 3501 pauci

137 3541 242 3590 tamen
261 3527 396 3593 eandem
412 3529 454 3592 in
477 3525 580 3618 patria
600 3551 684 3593 nova
702 3533 844 3609 ,servare
858 3544 1054 3617 potuerunt,
1092 3529 1136 3594 ita

136 3659 170 3707 nt
184 3644 229 3708 sic
244 3641 365 3711 ultimae
381 3645 448 3711 veri
465 3642 611 3734 reliquiae
629 3617 900 3711 adAbrahamuin
919 3645 1094 3736 pervenire
1104 3662 1134 3711 ct

118 3783 197 3848 ‚pro
226 3762 343 3852 pietate
367 3780 398 3828 et
419 3760 572 3852 sapientia
588 3763 658 3845 'ejus
680 3749 783 3826 excoli
808 3778 950 3852 possent.

34 3932 36 3936 .
110 3954 113 3958 Δ
214 3877 365 3962 Coloni,
391 3878 577 3946 auctoritate
601 3875 690 3944 ducis
713 3894 743 3943 et
763 3877 872 3944 forsan
896 3878 992 3944 etiam
1015 3879 1047 3944 vi
1076 3902 1134 3944 ve-

135 3990 234 4057 ritatis
264 3994 304 4061 ad
334 3995 468 4063 eandem
496 3994 594 4091 fidem
626 3994 883 4088 amplectendam
903 3993 1003 4061 'facile
1027 3995 1133 4064 duoc-
