2558 4538
589 270 661 344 18²
681 392 684 399 Ι

511 483 630 583 Ger.
677 481 738 576 V.

171 681 342 758 Historia
375 706 612 780 egressorum
646 705 763 782 usque
796 683 848 757 ad
872 686 1089 780 occupatis

457 843 545 893 nem
584 820 800 913 Palaestine.
839 890 845 901 ,

319 1154 412 1236 549.
456 1155 510 1218 De
532 1157 740 1241 legislatione
762 1149 940 1216 Sinuessa.

103 1340 108 1361 .
222 1301 430 1385 Transgressi
444 1307 551 1370 sinum
562 1302 842 1395 Heliopolitauum
856 1296 1025 1365 meridiem
1044 1323 1125 1367 ver-

136 1435 190 1480 sus
211 1416 353 1506 profecti
375 1438 468 1485 suut:
492 1419 598 1488 voluit
617 1423 706 1487 enirn
727 1415 804 1496 dux,
825 1434 862 1481 ut
875 1414 1020 1506 populns
1040 1440 1123 1484 cos-

137 1526 273 1599 lesceret
293 1550 326 1600 et
343 1536 455 1603 civitas
473 1553 739 1629 componeretur,
760 1549 935 1624 antequem
955 1555 1050 1601 noste
1071 1556 1128 1600 se-

137 1642 195 1712 des
224 1630 476 1742 occuparentur.
522 1655 666 1722 Accessit
687 1651 800 1720 forsan
829 1666 862 1715 et
886 1644 1129 1740 persecutionis

136 1761 248 1831 timor.

224 1883 338 1971 Quum
361 1887 402 1951 uh
423 1884 527 1954 hocce
549 1886 628 1953 inde
647 1884 725 1970 loeo
738 1881 892 1974 AEgyptis
913 1881 1052 1951 historia
1067 1896 1132 1953 sios

137 1995 319 2088 relinquet,
344 2024 406 2066 nec
425 2002 563 2067 slisrum
583 2003 729 2087 gentium
751 1998 882 2065 snusles
906 1998 1074 2066 derebus
1095 2004 1132 2069 iu

137 2108 269 2179 deserto
300 2116 395 2199 gestis
425 2115 553 2183 consuli
583 2133 723 2207 queant,
758 2116 929 2184 historiam
948 2114 1072 2208 populi
1095 2119 1132 2184 iu

137 2222 268 2296 deserto
288 2231 402 2320 paneis
425 2230 595 2300 absolvere
616 2233 711 2301 nobis
733 2231 821 2300 licet.

23 2324 30 2333 ¹
223 2345 263 2410 Iu
279 2349 443 2414 montonis
462 2346 552 2415 Sinai
568 2347 621 2415 lex
640 2348 846 2440 promulgata
867 2366 924 2431 est,
945 2351 1040 2434 eujus
1061 2373 1126 2417 no·

137 2477 213 2526 men
240 2465 466 2532 anctoritatem
496 2470 613 2534 secutis
641 2467 899 2534 institutionibus
921 2468 1128 2534 foeneratum

138 2591 196 2641 est.
264 2578 499 2650 solennitatem
530 2581 803 2677 promulgationis
834 2581 914 2667 legis
948 2581 1129 2662 celebrare,

139 2689 259 2759 Judaeis
290 2697 467 2767 admodum
491 2703 527 2766 in
556 2699 682 2767 deliciis
705 2717 790 2782 erut,
818 2724 880 2767 nec
912 2701 988 2766 setis
1012 2699 1129 2792 splen-

140 2805 218 2874 dide
253 2811 396 2881 describi
426 2839 524 2910 posse
555 2815 739 2884 videbatur.
793 2817 885 2883 Inter
914 2817 1064 2884 tonitrua
1097 2836 1129 2884 et

140 2940 311 3013 portenta,
334 2933 406 3000 visu
427 2933 604 3016 horrende,
636 2958 701 3002 vox
731 2933 840 3002 divina
859 2932 966 3020 legem
988 2932 1130 3001 edixisse

140 3038 257 3108 fertur.
303 3049 353 3113 Ne
374 3051 421 3115 sic
435 3048 544 3117 Moses
560 3051 731 3141 prestigiis
747 3073 822 3116 usus
840 3068 974 3142 putetur
997 3066 1031 3116 et
1052 3075 1130 3117 cum

141 3155 246 3221 Numa
273 3159 409 3253 aliisque
427 3141 654 3256 comparetur,
675 3167 733 3257 qui
759 3162 975 3252 legihns'suis
997 3166 1128 3235 revele-

142 3269 264 3338 tionem
286 3274 431 3346 divinem
449 3282 706 3373 pretenderunt,
729 3281 873 3370 theologi
894 3300 1053 3365 statuunt,
1074 3302 1130 3351 eut

140 3389 249 3456 omnis
268 3392 314 3459 sic
335 3398 489 3480 evenisse,
512 3402 560 3467 uti
581 3400 616 3464 iu
633 3397 752 3465 Exodo
762 3417 948 3480 narrentur,
966 3417 1023 3466 sut
1041 3425 1129 3492 poe-

139 3505 202 3572 tica
226 3524 291 3575 tem
311 3510 475 3583 historicis
497 3517 596 3583 mixte
619 3539 704 3598 esse,
728 3532 764 3582 ut
781 3518 928 3608 separari
949 3535 1128 3610 nequeant,

139 3621 195 3689 sed
216 3644 253 3693 ut
273 3628 342 3696 sola
365 3634 523 3700 sententie
546 3631 685 3700 tenenda
706 3633 759 3713 sit,
782 3631 886 3718 legem
909 3656 928 3697 s
952 3635 1046 3703 Mose
1068 3628 1144 3702 ds'-'

138 3753 204 3806 tam
233 3765 318 3826 esse,
351 3770 424 3837 quae
448 3750 651 3816 auctoritatis
681 3750 800 3816 diviuae
822 3748 933 3817 habits
956 3738 1011 3818 sit}
1055 3752 1129 3819 Jam

106 3856 110 3863 ‘
136 3857 234 3923 Philo
258 3861 341 3929 hene
363 3867 507 3946 monuit,
534 3868 802 3934 constitutionem
821 3867 1020 3948 Moericum,
1057 3870 1127 3937 sive

134 3994 151 4034 s
174 3973 244 4040 Deo
266 3983 549 4065 eommunicetsm‚'
569 3987 637 4052 sire
657 4008 674 4050 s
694 3984 788 4049 Mose
806 3972 1030 4070 ercisgitstsm,
1052 3983 1127 4052 Deo

889 4134 905 4167 X
