2558 4538
517 258 522 263 ”
609 283 677 356 ut
703 275 712 315 ²

142 482 389 552 familiaritatem
423 484 608 553 ostendunt.
639 514 644 529 ·
671 487 760 551 luter
795 484 918 553 medios
962 490 1159 556 Cananaeos'
1199 509 1202 515 ·
1266 534 1271 541 ι

120 589 260 670 ιΙιιιιιίοε
287 601 434 669 emebant
464 605 564 685 (Gen.
594 610 650 686 23)
681 620 776 693 atque
809 603 1006 693 occupabant
1035 609 1135 687 (Gen.

140 730 203 802 26,
237 727 314 802 12),
353 718 484 785 foedera
506 743 580 786 cum
603 714 737 803 singulis
759 710 916 783 iaciebant
939 720 1135 801 conditione,
1232 796 1236 806 ,

140 853 176 902 ιιι
201 837 456 926 possessionibus
486 835 599 903 eorum
626 833 729 901 libere
762 826 928 933 uterentur
960 839 1060 919 (Gen.
1086 847 1136 919 14,

86 958 89 963 ’
139 963 201 1032 133
222 965 284 1034 ro,
308 962 368 1036 153
392 957 740 1035 21‚27326‚2s)¹⁰)
765 975 800 1016 ac
816 953 894 1042 pari
916 974 991 1018 cum
1013 955 1156 1035 civibus.

140 1072 212 1153 jure
226 1056 411 1157 gauderent.
452 1055 600 1161 Epulis
583 1093 714 1160 quoque
728 1065 940 1151 celebrandis,
959 1087 991 1134 et
994 1073 1135 1160 querulo

139 1184 272 1252 foedera
294 1174 510 1266 feriebantur,
541 1177 616 1268 (26,
639 1193 694 1268 30)
716 1187 802 1252 etin
824 1181 925 1252 laetis
926 1188 1048 1264 eventis
1070 1193 1135 1269 (21,

140 1309 177 1384 8)
203 1299 328 1368 vincula
348 1302 497 1367 amicitiae
519 1300 810 1388 contrahebantur,
841 1282 1049 1394 ejusdemque
1071 1303 1136 1370 lio-

141 1413 323 1508 spitalitatis
353 1414 539 1509 exemplum
567 1411 712 1510 praebent
739 1418 886 1487 historiae
921 1417 962 1484 de
992 1419 1136 1511 hospitio

100 1586 105 1593 ,
139 1530 558 1624 peregrinantibusoblato
587 1533 687 1616 (Gen.
715 1546 773 1615 18,
809 1547 841 1610 2.
873 1550 933 1615 19,
970 1549 999 1608 1.
1030 1542 1136 1634 9).j⁷¹)

113 1649 209 1741 *Nec
236 1675 255 1714 a
284 1651 498 1734 matrimoniis
526 1673 601 1715 cum
624 1649 788 1715 Cananaeis
818 1645 955 1715 multum
976 1649 1137 1716 abhorre-

100 1744 247 1849 ¹'ba'nt3'
277 1753 487 1858 lpuumenim
502 1762 1052 1847 'Abrahe‘mus,Eliezarovetaren
1097 1789 1137 1830 ne
1209 1755 1212 1762 ’

87 1977 90 1981 ⁷
143 1986 189 2066 76)
215 1984 355 2068 Quamvis
380 2001 533 2057 relationes
558 2003 593 2057 de
611 2001 727 2056 foedere
745 2019 811 2058 curn
828 2003 930 2057 eodem
948 2001 1150 2058 Abimeleoho·
1244 2034 1247 2039 ·

207 2097 310 2159 saepius
339 2095 397 2145 icto
427 2109 489 2146 eam
515 2091 553 2148 ob
581 2110 693 2148 causatu
712 2095 845 2154 levioris
869 2093 938 2148 iidei
971 2094 1138 2164 habeantur,

118 2176 120 2189 ”
208 2183 288 2250 qarod
309 2183 408 2236 eadem
427 2201 472 2239 res
490 2189 530 2238 sic
549 2190 650 2254 saepius
669 2177 764 2254 repeti
778 2188 926 2252 videatur,
962 2198 1055 2240 tatuen
1074 2199 1138 2256 tan·

208 2275 357 2327 tummodo
390 2277 455 2345 jure
490 2274 654 2340 dubitatur,
687 2289 785 2332 utrum
814 2293 880 2331 euin
907 2276 1070 2330 Abrahamo
1102 2260 1171 2331 au'

210 2346 277 2418 eum
293 2366 389 2419 Isaaco
413 2383 449 2419 au
475 2377 599 2436 utroque
624 2364 726 2422 ¹foedus
752 2369 859 2423 sactum
879 2367 983 2430 interit,
1020 2373 1137 2422 minime

209 2472 297 2523 vero,
314 2473 350 2508 an
367 2456 423 2510 tale
441 2457 544 2517 foedus
563 2448 688 2528 uuquam
706 2462 811 2513 initum
827 2464 873 2512 sit.
907 2458 1068 2513 crediderit
1086 2462 1138 2513 aii-

124 2597 127 2601 ,
209 2551 294 2619 quis,
316 2547 418 2606 totam
441 2548 608 2600 relationem
625 2534 772 2616 ,mpthum
798 2565 859 2603 esse
889 2555 1044 2602 anomiue
1079 2553 1136 2602 ioei
1196 2578 1198 2584 ν

211 2623 610 2704 (Βοειιοιιιιίιι)’ριο[ροιιιιιι;
637 2636 691 2690 sed
704 2638 861 2709 tenendum
878 2647 938 2696 est,
957 2643 1074 2691 nomina
1092 2641 1136 2692 io·
1219 2631 1242 2677 ·'

127 2754 130 2760 ·
209 2710 310 2776 corum
336 2741 395 2779 non
420 2742 533 2795 semper
557 2725 675 2795 fallere,
710 2743 782 2797 sape
805 2743 875 2781 vero
902 2733 1069 2802 memoriam
1095 2738 1137 2784 rei
1188 2747 1201 2804 j

210 2825 293 2884 gestae
319 2831 387 2869 vere
401 2826 599 2870 ‘conservaret
637 2822 724 2886 atque
748 2823 780 2872 in
803 2817 860 2872 hoc
876 2830 945 2871 casu
963 2834 1022 2870 non
1042 2822 1136 2887 negli-

210 2905 301 2972 genda
328 2917 379 2960 est.
397 2922 429 2959 ea
455 2912 611 2961 constantia
638 2908 817 2971 traditionis,
856 2924 912 2976 qua
931 2907 1137 2970 Abimeleehus
1223 2974 1224 2978 Ἰ

210 2996 287 3049 idem
310 2997 439 3067 adeoque
457 2997 539 3052 Pieol
556 3015 652 3054 comes
670 3002 735 3070 ejus
753 3009 846 3066 usque
862 3011 1137 3063 commemorantur;

181 3146 183 3151 .
209 3091 266 3155 (21,
285 3095 397 3153 2232&
419 3091 517 3155 toiri
536 3091 613 3160 quod
631 3095 699 3147 satis
716 3087 838 3160 probare
860 3091 989 3160 ridetur,
1024 3109 1082 3146 non
1095 3082 1136 3146 de
1240 3120 1250 3143 3·

208 3179 325 3234 loedere
344 3182 442 3249 aliquo
459 3186 490 3235 iu
510 3187 679 3236 universum
693 3181 805 3250 aliquid
827 3181 1078 3250 confictumesse,
1104 3191 1134 3238 iu

209 3287 268 3340 quo
286 3274 400 3325 nomina
420 3273 651 3328 contrahentium
668 3291 721 3344 pro
738 3276 855 3342 ingenio
873 3272 945 3344 iingi
963 3279 1134 3344 potuissent,

121 3398 126 3404 ‚
169 3427 171 3430 v
207 3363 258 3416 sad
277 3362 458 3426 traditionem
475 3363 640 3419 historicam
657 3364 692 3418 de
711 3376 789 3418 certo
810 3365 935 3434 quodam
951 3365 1068 3421 loedere
1087 3378 1133 3420 tu-

209 3456 310 3520 lisse,
330 3455 408 3523 quod
433 3455 531 3509 forsan
547 3454 585 3508 ob
603 3471 708 3510 nomen
726 3458 784 3510 ioci
800 3455 1026 3510 in'Beereehaba
1045 3462 1135 3522 ictum

115 3599 131 3608 ,
209 3544 335 3599 dixerint
358 3557 387 3599 et
413 3562 482 3600 mox
510 3549 544 3600 de
564 3545 725 3603 Abrahamo
745 3543 814 3602 mox
833 3547 867 3600 de
888 3548 982 3600 isaaco
1000 3564 1133 3604 narrave-
1177 3540 1181 3546 ’

136 3692 148 3698 ,
208 3641 274 3689 rint.
349 3697 355 3703 ¹
739 3649 743 3658 ’

132 3728 183 3793 ·⁷¹)
210 3723 288 3795 Quid
311 3731 372 3782 veri
390 3721 433 3782 his
453 3729 638 3785 relationibus
657 3731 763 3796 subsit,
791 3747 849 3783 uon
867 3729 932 3783 heic
951 3734 1062 3797 agitur3
1087 3735 1134 3784 in-

155 3872 157 3876 .
207 3824 324 3889 genium
350 3835 419 3873 vero
438 3823 730 3877 arteriam-infiatis
749 3834 873 3890 apparet.
935 3821 994 3874 Nec
1012 3827 1132 3876 recentis
1239 3852 1241 3857 ·

120 3957 132 3981 1,
206 3913 257 3962 avi
283 3911 408 3965 indolem
425 3929 480 3980 prae
499 3929 528 3965 se
548 3913 661 3976 serunt,¹
680 3900 683 3903 ⁴
700 3904 807 3984 quippe
827 3930 888 3984 qtae
906 3912 1004 3968 odiuin
1025 3915 1131 3968 alieno·

207 4015 270 4052 auru
290 4007 406 4056 omuino
429 4019 486 4056 uou
507 4009 624 4072 spirent.
974 4022 976 4025 ’
