2558 4538
617 324 687 400 163

157 528 386 620 Amenophcos
407 531 503 618 hujus
526 531 785 598 constituendum
802 550 871 631 ιιιεῑς
912 535 1001 625 quod
1023 554 1055 603 ut
1076 537 1140 616 fiat,
1178 581 1193 599 ,-
1268 537 1272 550 ’

118 706 122 714 .
156 645 462 739 circumspiciendus
483 665 531 714 est
552 650 707 717 terminus
729 634 821 731 fixus,
842 648 928 717 unde
948 657 1142 744 computatio

155 763 243 829 exire
272 768 385 856 possit.
453 767 609 853 1Regg„
624 772 677 849 14,
722 780 764 843 25
805 762 933 855 legitur,
977 767 1144 837 Sisaehum

153 880 290 970 AEgypti
313 906 423 968 regem
452 898 536 952 anno
558 895 580 958 5
603 882 785 950 Rhoboami
810 885 894 969 regis
918 885 1008 952 Judae
1032 880 1143 954 contra

153 993 280 1065 Judaeos
301 1000 484 1088 proiectum
505 995 592 1069 esse:
630 1025 731 1069 annus
754 1013 775 1075 5
797 1000 981 1069 Rhobcatni
997 1028 1076 1073 vero
1096 1024 1142 1072 est
1166 982 1170 993 ⁵

152 1135 254 1180 annus
275 1127 336 1194 985
357 1135 428 1183 ante
449 1114 624 1197 Christum.
636 1124 688 1202 ³¹)
736 1119 775 1184 In
795 1121 951 1211 excerptis
965 1121 1141 1190 Manetho-

149 1233 203 1297 nis
226 1230 342 1300 frustra
365 1233 488 1302 Sisachi
511 1261 632 1302 nomon
657 1238 829 1327 quaeritur:
867 1232 973 1303 sedin
998 1218 1140 1325 catalogo

153 1373 268 1434 regum
288 1351 518 1444 AEgyptiorum
532 1334 549 1418 a
564 1355 719 1440 Syncello
742 1359 789 1444 (p.
812 1352 886 1443 177)
909 1342 1052 1425 exhibito
1077 1359 1142 1426 Su-

152 1464 273 1532 saehim
299 1464 373 1537 loco
397 1481 439 1544 62
461 1463 641 1561 reperitur,
680 1494 743 1561 pro
774 1471 929 1535 sententia
959 1491 1068 1545 nostra
1099 1473 1139 1540 de

112 1598 118 1605 “
153 1585 278 1669 origine
300 1585 394 1670 hujus
417 1584 551 1671 catalogi
573 1587 605 1677 (ξ
628 1587 695 1672 13),
724 1609 825 1675 quum
847 1588 932 1652 inter
956 1611 1047 1671 reges
1071 1591 1141 1677 Dy-
1247 1650 1253 1667 ,

151 1703 261 1767 nastiae
280 1702 361 1767 XIX
383 1721 414 1769 ct
434 1702 516 1769 XXI
536 1701 629 1782 adsit,
651 1688 830 1794 putandum
850 1697 1002 1783 est,³eum
1023 1705 1056 1767 iu
1079 1703 1142 1791 cly-

150 1820 250 1886 nastia
279 1819 366 1908 ,XX‘
384 1844 550 1916 regnasse,
588 1843 659 1911 quae
690 1821 726 1884 in
756 1821 913 1912 excerptis
937 1819 1142 1888 Manethonis

138 1936 336 2004 :nominibus
360 1960 457 2004 vacua
478 1956 537 2007 est.
583 1938 695 2027 Quum
716 1961 794 2004 vero
818 1935 948 2004 ultimus
967 1939 1007 2004 sit
1029 1962 1141 2004 eorum

150 2062 183 2137 4,
208 2059 266 2146 qui
290 2080 329 2120 ex
352 2080 388 2122 ea
410 2054 554 2148 dynastia
576 2074 784 2149 repetuntur,
829 2042 1021 2141 colligimus,
1068 2080 1140 2122 eum

152 2174 237 2237 inter
252 2189 431 2263 postremos
446 2197 558 2259 regum
573 2188 612 2250 12
630 2173 772 2261 ejusdem
796 2197 955 2258 regnasse.
998 2174 1035 2245 Si
1055 2198 1141 2265 pcn-

152 2286 284 2355 ultimus
316 2286 370 2356 vel
396 2286 527 2380 ultimus
551 2289 668 2378 fuerit,
711 2288 858 2381 dynastia
880 2282 946 2359 XX
963 2285 1033 2356 -sere
1054 2292 1138 2358 inter

150 2431 270 2473 aunum
287 2419 350 2482 980
372 2425 404 2472 et
427 2420 491 2483 950
512 2431 646 2492 regnare
668 2406 772 2474 desiit.
829 2409 899 2473 Jatn
917 2431 994 2473 vero
1016 2408 1043 2472 si
1065 2397 1163 2473 anui

111 2579 115 2586 ,
153 2522 250 2585 totius
274 2519 425 2608 dynastiae
449 2521 515 2586 XX
528 2537 560 2586 et
584 2520 617 2587 d.
641 2520 723 2584 XXI
738 2540 826 2587 certo
851 2523 1083 2603 constitissent,
1106 2522 1140 2585 hi
1184 2507 1188 2513 ⁵
1244 2554 1246 2559 ¹

154 2630 285 2701 collecti
320 2632 457 2717 spatiuin
486 2634 526 2704 ad
555 2635 764 2728 Amenophin
802 2659 903 2726 usque
938 2635 1141 2716 iudicassent,
1174 2618 1177 2627 .

155 2754 309 2844 quoniam
340 2753 366 2818 is
391 2746 522 2818 ultimus
546 2750 697 2841 dynastiae
716 2751 828 2820 XVIII
847 2775 996 2825 rexesse
1014 2749 1142 2819 dicitur.

153 2872 345 2962 Discrepant
382 2893 460 2935 vero
497 2872 532 2935 in
569 2872 726 2961 excerptis
740 2868 889 2943 ,Eusebii
922 2887 954 2934 et
977 2869 1124 2937 Africani
1132 2897 1143 2952 3

153 2964 342 3054 conabimur
367 3005 471 3053 autem
505 2980 617 3056 uerum
641 2987 807 3053 extricare.
862 2985 1056 3074 Africanus
1078 2987 1142 3079 dy-

147 3106 261 3170 nastiae
280 3092 346 3169 XX
368 3130 468 3172 annos
488 3120 549 3181 135
567 3096 703 3186 tribuni
717 3102 883 3171 Eusebius
902 3103 985 3196 apud
1003 3088 1141 3198 Syncel-

152 3219 221 3287 lum
243 3222 438 3302 eidem178,
461 3224 495 3287 in
519 3221 685 3291 Chronico
717 3221 879 3288 armenico
903 3245 980 3289 vero
1004 3235 1065 3299 172
1089 3198 1144 3291 as-¹

115 3328 119 3336 .
151 3342 264 3425 signat.
293 3329 410 3408 frustra
439 3343 529 3426 crisis
552 3340 721 3428 Scaligeri
744 3339 779 3403 in
801 3337 861 3406 hos
882 3364 1036 3406 numeros
1054 3323 1147 3427 'con-¹

143 3444 309 3522 -ciliandos
329 3459 473 3549 impensa
496 3475 562 3536 est3
586 3480 687 3544 quum
710 3477 788 3521 vero
811 3457 1057 3547 septuagesimus
1080 3456 1144 3523 nu·

154 3599 262 3640 merus
283 3575 318 3637 in
341 3593 480 3664 utroque
509 3571 582 3638 loco
603 3572 736 3637 Eusehii
757 3574 957 3666 reperiatur,
990 3588 1020 3637 et
1041 3572 1072 3636 H
1092 3575 1144 3641 Ia-

154 3689 216 3756 cile
241 3715 314 3756 cum
330 3696 354 3758 B
372 3690 560 3756 commutari
582 3691 735 3780 potuerit,
768 3688 926 3757 Eusebius
943 3709 1051 3754 secum
1072 3693 1144 3771 satis
1181 3728 1182 3731 ¹
1274 3712 1276 3718 ·

155 3788 402 3890 consentium)
422 3806 477 3875 sed
501 3830 568 3873 non
595 3807 699 3874 minus
728 3807 768 3871 ab
791 3803 945 3874 Africano
969 3803 1160 3901 discrepat,

95 4010 105 4015 -
158 3964 204 4031 ⁸¹)
224 3963 301 4016 Rask
321 3964 348 4020 b.
365 3960 404 4033 31.
422 3974 471 4032 θὶς.
493 3959 590 4020 sslbdt.
610 3976 637 4027 p·
657 3961 701 4020 84·

141 4055 203 4125 ,32)
225 4052 339 4108 Sellieet
364 4059 441 4108 POB
460 4064 488 4105 et
505 4057 589 4106 POH
601 4036 688 4104 laoile
708 4059 912 4118 permutantur.

894 4162 958 4231 tt&
