2558 4538
224 450 386 527 Eventum
404 452 598 522 bismricum
618 455 653 520 in
673 448 771 521 bacca
792 453 1116 539 santonensem,
1147 453 1214 524 du-

200 555 325 642 bitari
342 574 465 664 nequit,
523 572 621 679 Hunc
647 571 735 638 euim
764 572 888 654 virum,
922 596 1024 665 quum
1050 570 1214 642 nou'siuc

196 751 199 757 .
222 691 364 761 numinis
383 691 535 783 prasenti
554 689 671 757 auxilio
691 705 820 781 ereptus
841 689 1016 774 videretur,
1048 705 1134 758 tants
1156 715 1214 759 re·

224 808 347 898 ligione
376 807 434 875 diu
461 804 610 874 colebant
638 806 806 889 Armenii,
848 792 892 877 ut'
916 804 1069 900 reliquias
1090 808 1214 896 navigii

224 951 291 1023 pro
311 921 456 1025 amuletis
476 940 645 1023 gestarent·
698 922 790 991 Et
765 945 811 990 ste
830 922 948 991 factum
967 942 1040 1007 est,
1064 941 1101 993 ut
1114 925 1214 1013 hujus

224 1047 290 1115 viri
312 1014 479 1111 celebritas
503 1036 715 1126 maetam,
747 1043 806 1133 qui
826 1023 950 1110 sertui
963 1046 1055 1125 sunt,
1085 1065 1215 1112 memo·

225 1167 309 1232 riam
327 1160 523 1240 absorberet,
557 1161 689 1252 ipseque
710 1182 791 1227 unus
813 1161 978 1248 restitutor
998 1161 1125 1245 generis
1146 1160 1214 1230 bu·

151 1364 152 1371 ἵ
225 1280 314 1357 mani
332 1256 525 1346 haberetur,
583 1275 691 1366 Quam
708 1276 752 1388 ob
773 1300 845 1347 rem
865 1275 979 1361 Judaei,
1009 1302 1049 1345 ex
1068 1279 1138 1348 istis
1156 1303 1214 1346 re·

224 1397 375 1484 gionibus
397 1394 554 1488 proiecti,
598 1392 786 1463 laborabant
805 1411 838 1462 et
860 1419 948 1462 suam
968 1411 1001 1464 et
1021 1413 1215 1469 ceterorum

225 1511 425 1623 populorum
439 1514 631 1601 originema
650 1511 785 1581 Noacho
808 1511 979 1580 deducere.
1001 1512 1102 1597 (Gen.
1121 1520 1189 1599 1ο).

315 1629 487 1705 connectit
516 1616 649 1723 quidem
673 1630 803 1698 bebraes
831 1629 962 1698 traditio
993 1629 1214 1701 Abrahamum

226 1751 329 1844 spatio
348 1749 461 1817 decem
475 1749 717 1836 generationum
732 1771 804 1814 cum
811 1750 843 1818 N
844 1746 956 1817 oacbo
997 1746 1064 1815 Sed
1079 1764 1112 1816 et
1126 1745 1215 1817 uuil-

225 1864 330 1936 litudo
344 1863 554 1960 populorum,
575 1865 633 1957 qni
646 1866 794 1958 'tempore
807 1863 983 1941 Abrahami
1006 1864 1213 1961 distinguun-

227 2001 299 2070 tur,
332 2001 366 2052 et
384 1984 468 2051 ratio
491 1978 635 2048 historiar
655 1979 858 2084 Babylonica
879 1983 1000 2079 babita-
1013 2006 1089 2053 eum
1106 1981 1214 2053 multo
1249 2024 1252 2031 ·

23 2170 25 2175 .
74 2093 76 2097 ’
134 2181 139 2187 ,
225 2100 353 2189 lougius
381 2125 401 2168 a
435 2085 583 2192 t'e'tupore
619 2095 734 2167 diluvii
768 2102 931 2169 mmoveri
957 2101 1081 2189 jubent.
1136 2084 1216 2172 Post

189 2246 192 2251 ·
226 2217 387 2287 diluvium
409 2218 497 2285 enim
517 2216 595 2285 urbs
617 2212 746 2285 condita
766 2234 824 2300 est,
853 2235 886 2287 ct
915 2243 1052 2306 regnum
1076 2217 1216 2288 florebat
1240 2288 1244 2293 .

226 2335 367 2420 dudum,
399 2336 457 2403 ubi
480 2332 517 2401 'ct
540 2350 613 2400 ante
632 2333 791 2402 diluvium
812 2337 968 2422 viguerat.
1020 2340 1099 2407 Fata
1119 2340 1240 2424 regui·

225 2477 262 2521 ac
282 2470 429 2547 tempora
441 2469 481 2523 ,et
494 2432 898 2521 traditione'lleliraeorum
916 2473 949 2522 et
969 2453 1135 2524 annalibus
1150 2459 1215 2525 Ba·

225 2568 435 2664 byloniorum
457 2568 678 2658 cognoscenda
693 2586 777 2639 sunt.
821 2567 958 2640 Hebraea
978 2597 1060 2642 vero
1081 2572 1214 2642 traditio

225 2688 419 2778 genealogiis
456 2687 533 2757 solis
562 2707 711 2757 contenta
745 2682 920 2789 longorum
944 2708 1130 2785 temporum
1158 2689 1213 2758 bi·

131 2806 137 2816 ’
226 2811 357 2877 storiam
384 2805 608 2902 pretermisit3
643 2824 764 2874 servata
787 2825 869 2875 sunt
890 2810 1096 2901 'paucissima
1124 2809 1210 2894 {rug-

225 2946 333 2995 menta
351 2926 507 2994 historica
530 2926 569 2991 in
586 2947 657 3017 cap.
679 2940 718 3001 11
738 2941 770 2992 et
793 2940 853 3002 10:
885 2927 1041 2992 nimirum
1064 2941 1210 3018 coeptum

227 3066 296 3110 csse
319 3045 354 3110 iu
369 3041 453 3110 valle
473 3041 588 3109 Sinear
603 3042 717 3108 urbem
738 3057 770 3107 et
788 3042 905 3108 turrim
925 3042 1095 3128 aedificurc,
1117 3045 1211 3113 Nim-

229 3157 348 3257 rodu'm
369 3157 491 3233 ibidem
507 3175 631 3246 'magna
659 3158 804 3250 potentia
824 3155 977 3244 valuisse,
1021 3164 1213 3230 et‘Niuiven

226 3261 416 3344 recentioris
435 3276 532 3370 qnam
547 3273 747 3368 Babylonem
768 3276 902 3363 originis
919 3301 997 3345 esse.
1040 3277 1100 3346 llla
1122 3278 1214 3347 cbri-

228 3394 322 3461 stiani
344 3392 586 3488 chronographi
610 3387 820 3482 conjungunt,
847 3391 1059 3482 affirmantes,
1088 3397 1214 3481 Belum,

227 3537 325 3605 quem
355 3514 448 3599 regni
480 3510 652 3604 Babylonis
682 3488 847 3579 auctorem
878 3511 1005 3598 ferunt,
1047 3515 1109 3605 sibi
1147 3540 1215 3584 esse

226 3628 508 3714 Nimrodamg⁸⁹>
546 3630 657 3721 eisque
674 3628 808 3698 'traditio
831 3628 1006 3700 Orientalis
1034 3634 1215 3717 assentitur,

128 3824 131 3829 Ι
232 3769 303 3837 quc,
322 3747 364 3814 ad
385 3764 493 3816 nostra
514 3770 615 3841 usque
635 3764 782 3843 tempora
803 3747 921 3845 rudera
942 3747 1124 3820 celsissimae
1143 3767 1216 3818 tur-

304 3989 420 4049 ⁴irrtcell.
439 3984 468 4062 ’μ
486 4000 522 4056 90
537 3989 553 4047 a‘
569 3995 625 4064 παῤ
642 3989 707 4066 ἡμὶν
723 3993 869 4070 Νεμβρώὃ.
977 3953 979 3957 ¹
