2558 4538
649 200 654 213 ό

472 222 477 232 a

505 257 514 279 ,Ι
527 245 529 253 ι

180 540 273 585 scura
306 514 478 617 indicavit,
525 513 701 580 Hebraeum
723 508 884 604 populum
905 534 973 580 non
996 514 1184 605 antiquissi-

106 606 114 625 ’
181 645 271 715 mum
302 643 390 701 esse;
433 635 541 687 tamen
573 635 605 686 et
627 618 727 684 series
748 618 993 702 generationum
1017 619 1182 702 continua,

181 748 245 817 qua
266 723 469 791 Abrahamus
500 745 576 791 cum
599 721 735 793 Noacho
757 722 985 808 conjungitur,
1032 740 1065 789 et
1088 747 1182 791 com-

179 826 372 898 memoratio
394 849 523 907 rerum,
559 850 632 917 quae
656 827 808 896 frustra
797 849 832 891 ιιι
850 822 1019 894 annalibus
1040 827 1181 897 aliorum

71 949 77 968 ¹
112 947 117 955 “
179 932 382 1028 populorum
403 933 506 1024 quaeri
528 930 739 1031 uidebantur,
774 928 1044 1024 chronographos
1065 933 1100 1021 in
1124 958 1180 1001 er·

179 1063 291 1108 ror-cm
320 1037 527 1105 induxerunt.
595 1035 708 1124 Quum
737 1057 817 1101 vero
844 1038 940 1102 etiam
968 1033 1039 1105 aliae
1069 1054 1178 1124 gentes

179 1166 255 1237 avos
284 1166 359 1210 suos
387 1165 406 1206 a
434 1132 562 1217 diluvio
592 1138 669 1207 inde
697 1127 902 1225 recenseant,
933 1158 1029 1234 atque
1048 1139 1179 1215 annales

178 1271 292 1316 eorum
310 1261 366 1314 'res
385 1268 447 1328 eas,
472 1270 551 1339 quas
561 1244 691 1312 Hebraei
715 1261 750 1312 ut
769 1243 895 1313 diluvio
916 1245 1079 1347 proximas
1104 1262 1179 1312 tan-

120 1357 125 1373 '
178 1369 276 1438 gunt,
300 1370 452 1445 tanquam
472 1348 569 1436 longe
593 1351 791 1418 recentiores
813 1347 1029 1432 collocent,
1018 1373 1090 1437 lure
1113 1348 1178 1418 du-

177 1457 346 1553 bitandum
374 1473 462 1547 est,
480 1481 522 1522 an
545 1455 760 1524 Hebraeorum
787 1449 980 1557 relationes
979 1480 1043 1548 pro
1063 1479 1179 1524 norma

177 1580 363 1655 temporum
387 1579 419 1630 et
441 1583 553 1629 rerum
573 1559 731 1628 habendae
754 1559 831 1628 sint.
893 1562 1016 1628 Contra
1036 1561 1092 1628 ubi
1115 1584 1176 1626 an-

22 1673 36 1735 “.
138 1665 265 1735 finales
295 1663 430 1738 altius
420 1691 455 1731 ιιι
484 1666 568 1733 serie
597 1661 784 1733 seculorum
816 1661 1009 1749 ascendunt,
1054 1662 1178 1733 ibidem

175 1773 241 1840 vita
271 1769 356 1838 culta
378 1787 410 1838 ct
437 1769 594 1839 historica
623 1793 674 1837 ars
706 1771 798 1861 prius
822 1784 902 1835 ortae
924 1769 1007 1852 sint,
1045 1791 1177 1836 necesse

176 1894 244 1957 est3
286 1895 380 1966 atque
412 1877 609 1968 antiquitatis
636 1871 704 1943 laus
731 1873 832 1958 magis
859 1874 905 1947 eis
927 1864 1097 1940 tribuenda
1118 1891 1177 1942 est.

131 2021 136 2040 ,
175 1965 346 2070 Babylonii
373 2003 453 2048 vero
480 1987 513 2046 et
544 1979 693 2070 AEgyptii
723 1976 853 2044 initium
880 2002 991 2044 rerum
1017 1995 1049 2046 et
1070 1977 1177 2047 bisto-

175 2086 251 2165 riae,
296 2082 388 2176 quod
408 2109 426 2149 a
434 2080 575 2152 diluvio
599 2081 761 2174 capitur,
789 2077 893 2149 multo
917 2079 1044 2150 altius
1033 2106 1069 2149 ιιι
1091 2084 1176 2150 serie

175 2185 360 2256 seculorum
387 2205 562 2281 reponunt.
632 2187 857 2256 Dubitantes
846 2203 972 2281 itaque,
1013 2169 1176 2303 populum

174 2293 372 2362 Judaicum
363 2312 449 2362 inter
468 2292 707 2387 antiquissimos
732 2316 819 2373 esse,
864 2294 1062 2387 suscepimus
1083 2318 1176 2363 oom-

40 2464 44 2478 ‚
152 2400 377 2490 parationem
407 2401 492 2466 inter
524 2395 695 2468 relationes
718 2392 890 2463 Hebraicas
909 2414 941 2464 et
963 2396 1175 2492 Babylonicas
1258 2439 1267 2452 ,

175 2504 420 2606 AEgyptiasque
491 2505 685 2589 Fragmenta
711 2500 868 2570 historica
888 2494 1115 2596 momentaque
1138 2505 1174 2570 in
1247 2581 1250 2586 Ι

126 2650 137 2661 2
173 2599 311 2676 Hebraea
339 2609 513 2677 traditione
536 2608 652 2676 leviter
676 2624 757 2675 tacta
780 2608 814 2672 in
832 2607 999 2677 annalibus
1022 2610 1173 2702 peregri·

174 2716 226 2804 nis
247 2714 488 2801 indagavimus,
513 2711 737 2807 populumque
758 2713 927 2782 iudaicum
951 2714 995 2782 ita
1015 2735 1075 2783 suo
1098 2709 1173 2781 loco

172 2821 258 2887 inter
279 2817 352 2887 alias
374 2837 482 2906 gentes
505 2816 667 2888 collocare
688 2817 881 2889 studuimus.

146 3049 153 3064 ὁ
186 3024 190 3031 .
265 2967 499 3055 Chronologiae
537 2970 581 3037 ita
611 2968 772 3064 imprimis
797 2963 1035 3050 consulentes,
1076 2964 1180 3035 simul⁴

173 3089 280 3142 tamen
301 3091 413 3143 eventa
435 3076 573 3160 majora,
597 3092 752 3167 quantum
775 3095 835 3164 per
858 3066 1069 3140 collationem
1091 3072 1175 3140 alia-

172 3201 248 3244 rum
274 3178 316 3248 de
337 3178 459 3246 eisdem
480 3176 674 3248 relationum
695 3178 767 3247 fieri
785 3176 949 3270 potuerit,
995 3174 1173 3246 illustravi-

171 3305 261 3363 mus,
300 3301 332 3349 et
352 3285 421 3352 sive
442 3284 538 3369 inde,
568 3285 637 3353 sive
658 3308 704 3353 ox
726 3279 839 3351 indole
861 3285 1057 3351 narrationis
1078 3281 1114 3350 S.
1132 3273 1179 3352 'Sa

172 3409 208 3453 ea
230 3390 278 3454 sic
298 3391 524 3481 esposuimus,
563 3391 611 3458 uti
635 3389 731 3462 nobis
752 3386 1031 3457 considerantibus
1052 3412 1088 3456 se
1109 3387 1179 3455 ob-.

172 3489 337 3562 tulerunt,
391 3492 517 3566 Placuit
537 3497 625 3564 enim
648 3486 748 3578 magis
771 3493 1045 3584 unampersequi
1068 3516 1173 3584 expo-

171 3598 339 3684 sitionem,
385 3623 483 3692 quam
509 3597 586 3667 alias
615 3596 755 3678 aliorum
784 3597 957 3665 sententias
979 3599 1172 3694 examinare.

170 3705 291 3795 Neque
308 3730 367 3772 suo
389 3705 496 3772 fructu
518 3720 605 3769 caret
622 3725 726 3794 opus,
749 3699 840 3792 quod
860 3699 1083 3786 aggredimur,
1102 3725 1178 3772 ιιοιι.

171 3804 277 3875 solum
297 3808 388 3902 quod
410 3829 524 3889 verum
544 3805 730 3892 indagantes
743 3828 879 3898 ¹semper
891 3831 1006 3900 operas
1026 3809 1170 3899 pretium

170 3907 325 4001 facimusa
370 3916 427 3983 sed
459 3915 556 3982 etiam
583 3909 674 4004 quod
699 3911 750 3999 sic
773 3908 897 4007 aliquid
921 3910 1071 3981 conferre
1092 3905 1169 3976 licet

169 4017 211 4084 ad
231 4020 391 4120 originem
413 4037 445 4087 et
462 4017 790 4094 fidem,Pentateuchi
812 4010 1043 4087 estimandam.
1084 4015 1167 4083 Etc-
